3025 4859
277 381 354 457 328
658 397 822 451 senonis
838 395 998 452 rursss.

361 563 434 630 229.
472 585 592 630 nrorrrs
615 585 747 630 nnrssrs.
786 561 941 652 cheragra
961 568 1012 627 est
1033 559 1160 642 debilis,
1187 560 1242 651 qui
1263 559 1303 626 oh
1325 557 1387 627 otio

279 672 409 741 cibatur.

363 783 435 848 230.
458 805 588 851 nvcsns
610 807 745 851 nrcrvn.
775 804 811 848 os
835 780 1003 872 applicare,
1026 788 1062 846 ut
1082 777 1160 868 putri
1181 778 1365 848 hirundinis.
1488 804 1489 871 r

365 891 454 956 231..
477 893 617 983 [rnsnoh
653 897 726 977 (sun
748 895 849 977 ossus).
889 887 984 981 pleno
1006 891 1091 955 enirn
1113 911 1170 956 ore
1192 891 1290 972 uolat,
1311 891 1386 958 dum
1488 880 1489 943 Ῑ

245 1023 266 1062 s
279 999 397 1068 incibat
417 1000 497 1068 filios
520 1025 606 1070 suos.

363 1111 437 1178 233.
465 1135 631 1180 osussrn
654 1136 737 1190 orsu
759 1134 833 1180 nnc.
860 1109 901 1177 od
923 1117 1130 1201 postremum,
1153 1111 1240 1202 quod
1261 1112 1388 1204 desipes

280 1219 466 1288 efficiuntur.

364 1328 437 1396 234.
474 1353 595 1398 nonnus
618 1356 643 1398 s.
666 1356 695 1398 n.
734 1331 766 1397 id
789 1337 852 1409 est,
874 1327 983 1417 incipit
1003 1327 1127 1395 nullum
1148 1351 1323 1421 agnoscere
1345 1330 1386 1399 de

280 1439 391 1519 seruis,
413 1461 473 1507 nec
493 1438 574 1507 filios
597 1462 672 1509 suos
695 1449 750 1508 sut
771 1439 900 1506 amicos

243 1567 270 1608 ro
367 1547 440 1616 238.
476 1573 519 1616 su
546 1548 690 1618 Pennus
718 1575 749 1620 r.
782 1552 929 1640 inputem
956 1544 1040 1614 hanc
1067 1547 1164 1616 fuisse
1192 1546 1389 1616 demonstret
1489 1620 1490 1633 p

280 1665 376 1746 poeta
395 1657 560 1727 mulierem
578 1669 610 1727 et
626 1657 778 1728 artificem
793 1657 834 1725 ed
851 1656 1088 1749 inquietandum
1111 1657 1195 1724 senis
1216 1658 1386 1748 inguinem,

281 1788 323 1832 ex
346 1788 383 1832 eo
407 1770 557 1858 quonium
580 1770 634 1837 diu
655 1769 839 1858 prostiterit
1288 1831 1297 1842 ,

365 1877 437 1942 240.
471 1902 517 1944 vr
540 1902 690 1946 vrssnsr.
728 1899 829 1968 pone,
857 1885 983 1944 utnon
1010 1875 1052 1940 sit
1079 1873 1225 1956 demens,
1252 1876 1305 1962 qui
1333 1877 1386 1944 diu

282 1985 403 2066 uixerit„
425 1995 532 2056 tumen
555 2011 666 2056 omnes
689 1989 778 2054 effert
799 1989 869 2078 ipse
890 2007 966 2052 suos
988 1982 1079 2050 filios.

242 2115 268 2156 n
366 2097 439 2163 242.
478 2121 651 2166 sononrsvs
672 2121 788 2164 vnum.
822 2119 921 2164 urnae
943 2115 1035 2173 uasa,
1056 2093 1223 2183 inquibus
1245 2104 1387 2165 mortuo-

281 2227 352 2272 rum
374 2229 447 2274 ossa
469 2208 750 2299 componebantur,
772 2215 942 2297 postquam
963 2227 1080 2294 eorpus
1102 2206 1241 2274 arsisset.

364 2315 439 2385 246.
476 2340 542 2382 nex
564 2315 691 2385 Prsrvs.
729 2315 901 2383 Nestorem
928 2315 1015 2394 dicit,
1045 2315 1099 2403 qui
1127 2312 1241 2380 dieitur
1261 2317 1386 2382 tertiam

281 2445 383 2515 usque
405 2435 543 2495 aetatem
566 2429 694 2508 uixisse,
717 2427 750 2493 id
774 2433 824 2492 est
845 2432 1005 2493 trecentos
1027 2445 1142 2504 annos,
1164 2433 1200 2490 ut
1222 2425 1298 2500 dicit
1319 2425 1386 2493 Ho-

280 2556 396 2601 merus.

241 2673 268 2720 so
363 2647 436 2714 247.
457 2671 753 2718 sxuurnvuvrrrs.
777 2649 829 2716 olii
851 2647 968 2726 dicunt,
991 2644 1064 2734 quia
1086 2643 1159 2734 plus
1179 2643 1269 2725 uixit,
1290 2669 1386 2737 quem

280 2750 362 2821 duae
384 2761 529 2826 cornices
552 2769 685 2851 possunt
707 2760 826 2825 uiuere.

366 2867 439 2934 250.
463 2869 611 2957 [nvsrvn
633 2870 742 2958 stum}
766 2877 822 2936 aut
843 2864 960 2934 multos
983 2871 1152 2930 autumnos
1173 2865 1258 2931 uidit.

366 2975 439 3042 251.
461 3003 638 3047 sorssors.
663 2988 747 3069 peto,
770 2987 807 3044 ut
827 2975 988 3044 modicum
1010 2973 1129 3040 uideas.

366 3086 438 3151 253.
461 3090 652 3158 Anrrnocur.
675 3088 774 3156 filium
796 3109 890 3154 suum
906 3083 1042 3173 piorauit
1056 3082 1270 3168 Antilochum,
1293 3108 1389 3178 quem

242 3211 268 3255 u
282 3189 433 3262 Memnon
455 3198 607 3266 auxilium
629 3201 708 3290 patri
731 3200 885 3268 ferentem
908 3194 1023 3262 occidit
1045 3195 1076 3260 in
1099 3192 1204 3260 Troia.

365 3307 438 3374 254.
461 3333 605 3387 ovrsovrs
621 3333 734 3378 noser.
758 3308 797 3375 ab
821 3307 977 3387 omnibus,
998 3304 1054 3394 qui
1075 3306 1103 3371 ei
1126 3303 1275 3373 solatium
1296 3329 1389 3398 prse-

280 3416 414 3484 stabant

365 3527 437 3592 257.
460 3553 567 3607 suove
589 3553 692 3600 suns.
714 3528 848 3598 Laertes
869 3535 1001 3620 propter
1024 3522 1149 3593 Ulixen.
1203 3551 1388 3600 nsrnnrssr.

280 3637 480 3729 naufragum.

280 3913 308 3964 1.
330 3907 486 3986 choragros
508 3909 611 3968 debilis
631 3914 688 3970 ΡΒ.
789 3911 817 3968 5.
840 3910 915 3969 cibat
935 3908 1162 3983 Schuetzdeisoh.
1258 3917 1286 3970 6.
1308 3913 1390 3972 desi-

280 3983 332 4041 des
342 4004 370 4061 p.
386 3987 563 4064 desipientes
575 3985 808 4060 Sohnrtzdetseh.
848 3991 912 4048 ss.
927 3989 964 4047 de
978 3991 1037 4046 suis
1051 3991 1221 4047 PS.eorr.s.
1263 3995 1310 4048 11.
1325 4010 1388 4047 mu·

279 4060 379 4120 liorem
393 4084 417 4123 s.
440 4067 548 4123 interea
561 4070 594 4123 P.
680 4066 895 4140 inequitandum
916 4062 1147 4138 Schuetzdeisoh.
1236 4073 1281 4125 12.
1303 4085 1390 4144 quom

279 4140 423 4200 PS.oorr.
439 4139 671 4216 Schuetzlicisoh.
693 4141 771 4218 quod
784 4160 809 4201 s.
870 4162 955 4218 quam
978 4143 1024 4200 diu
1047 4162 1138 4202 exeo
1158 4147 1190 4202 S.
1250 4146 1296 4204 14.
1317 4142 1391 4204 effer
1490 4204 1491 4215 p

279 4218 337 4275 ΡΒ.
351 4235 424 4277 corr.
438 4238 466 4296 p.
