3025 4859
589 394 736 449 ssrvnr
754 397 776 448 1.
1169 379 1243 455 179

127 559 298 651 expiraret
418 582 616 638 rnosmuvus
637 571 746 632 autem
769 564 852 644 dicit,
876 572 1039 654 tamquam
1062 583 1080 627 a
1102 559 1243 631 Locusta

128 668 249 739 doctas.
345 696 551 750 rnurmuvns.
574 673 703 766 quidam
724 698 842 744 uxores
865 675 974 743 dicunt
994 673 1198 766 propinquas.

215 782 266 848 72.
288 806 413 853 uranos.
435 808 455 854 a
475 807 612 852 ueneno.

215 892 265 958 73.
288 893 420 962 Grnnrs.
442 893 554 975 insula,
576 893 631 962 ubi
653 896 792 965 damnati
814 895 1027 964 mittebantur.

214 1003 265 1070 75.
287 1028 469 1075 rnruronur
490 1028 621 1074 ususas.
642 1005 704 1073 illis
726 1006 845 1074 donant
865 1006 976 1075 hortos
999 1014 1166 1098 argentum
1188 1005 1266 1075 uel⁵

129 1120 267 1196 caetera,
289 1116 405 1207 quibus
427 1117 621 1185 conscientia
642 1126 789 1186 teneatur
812 1118 949 1188 obnoxii.

215 1227 265 1292 76.
286 1249 399 1294 sxrnn
420 1251 550 1296 sucum
573 1252 713 1297 curnvu.
735 1229 811 1296 dicit
833 1228 1089 1298 emblematicum
1112 1251 1202 1323 opus.

215 1338 266 1404 77.
289 1362 377 1415 stu
397 1363 541 1408 rnrrrvn
562 1362 717 1407 nonums.
740 1336 946 1408 dissimulare.

214 1447 264 1514 78.
287 1471 450 1518 nnvursn.
473 1474 562 1542 puer,
585 1451 639 1542 qui
659 1449 765 1518 adhuc
787 1451 836 1517 uir
856 1471 921 1518 nun
943 1459 1001 1518 est.

213 1557 265 1624 89.
288 1557 487 1628 Csvvrsnvs.
510 1560 628 1628 ‹lelirus
649 1569 746 1651 poeta
768 1560 820 1628 uel
841 1560 996 1628 inductus.
1253 1583 1279 1623 10

212 1667 265 1734 81.
288 1668 341 1737 Ex
362 1695 425 1749 Qvo
447 1670 651 1740 stcsmon.
675 1670 715 1738 ab
737 1671 826 1740 initio
848 1671 966 1740 mundi.
1065 1691 1242 1739 renisuri·

129 1799 192 1845 svs
215 1802 352 1858 suavos.
374 1803 432 1874 per
455 1781 619 1850 diluuium.

215 1893 267 1960 82.
290 1915 476 1970 sonassevs
496 1915 663 1961 roruscrr.
692 1916 710 1960 a
731 1891 896 1974 Themide,
920 1915 1001 1985 quae
1024 1901 1097 1962 ante
1119 1893 1241 1986 Apolli-

126 2025 205 2071 nem
225 2026 379 2096 responsa
401 2004 506 2071 dabat

213 2112 652 2190 83.Psrnrr1unvsru1un.
676 2116 795 2206 spiritu.
958 2136 1078 2184 nonunt
1100 2139 1181 2184 saxu
1204 2125 1278 2185 utrs

128 2223 281 2318 Virgilius
305 2225 427 2316 [georg.
448 2223 470 2306 l,
493 2225 557 2314 631:
577 2221 676 2292 ‘unde
696 2223 842 2294 homines
868 2226 949 2306 nati,
978 2225 1091 2294 durum
1118 2223 1237 2318 genus·³

129 2336 263 2422 (Pruna
290 2340 464 2422 PVBLLAS.)
495 2344 528 2403 et
553 2334 605 2404 hie
635 2359 694 2426 per
716 2358 908 2404 consensum
931 2336 1066 2404 ostendit
1087 2360 1158 2405 esse
1181 2340 1240 2410 du·

125 2445 297 2517 tissimum.

212 2559 265 2626 85.
288 2577 465 2627 rasuras.
487 2556 550 2627 boc
572 2566 629 2639 est,
652 2557 728 2626 uitia
750 2555 916 2625 bominum
940 2557 1016 2626 dant
1040 2557 1132 2628 nobis
1162 2561 1240 2631 scri·

124 2668 224 2738 beudi
244 2670 419 2738 materiem.
1253 2675 1279 2717 2⁰

215 2780 268 2848 87.
291 2803 335 2848 sn
356 2802 483 2858 evauno
506 2803 654 2849 vssruon.
676 2781 709 2850 irl
732 2788 782 2848 est
803 2778 976 2846 fecundior.

213 2891 265 2957 88.
286 2914 371 2958 suun
393 2915 528 2969 nvsnno.
551 2893 584 2960 in
606 2891 741 2961 ellimsin
763 2889 838 2956 dicit
859 2886 930 2956 boc.

215 3002 268 3068 89.
290 3000 359 3069 Hos
379 3025 504 3071 suiuus.
528 3002 666 3094 enlipsis.
687 2999 875 3069 subauditur
896 2998 1015 3066 habuit.

215 3113 266 3178 99.
288 3135 434 3181 uvnrrvn
456 3137 549 3182 unca.
575 3113 707 3204 [cssvu]
731 3113 771 3180 ad
792 3113 949 3178 incertum
971 3119 1131 3181 euentum.

216 3223 269 3290 91.
290 3248 528 3294 msrsusrrons
550 3249 688 3293 vrussrs.
711 3222 966 3290 subministrante
988 3223 1165 3311 pecuniam.
1252 3237 1278 3278 ²⁶

218 3335 270 3402 92.
292 3335 473 3404 Ansrusno.
495 3338 648 3404 metatura
671 3335 715 3425 [a]
739 3330 937 3400 bellantibus.
959 3329 991 3398 id
1014 3340 1063 3398 est
1083 3334 1137 3424 qui
1153 3355 1241 3402 arma

129 3443 266 3537 praebet
291 3455 430 3516 tesseras
458 3455 491 3515 et
520 3444 671 3528 tabulam,
701 3444 829 3536 etipse
856 3443 909 3534 qui
935 3463 1083 3510 nummus
1112 3441 1171 3512 sub
1193 3445 1242 3536 pi·

127 3576 230 3646 gnere
250 3565 365 3648 portat.

129 3705 159 3761 6.
181 3704 305 3762 obnoxia
320 3707 379 3764 ΡΒ.
400 3723 475 3764 eurr.
494 3723 521 3763 s.
655 3704 684 3760 7.
705 3700 907 3760 emblematum
925 3702 985 3758 ΡΒ.
1005 3717 1078 3758 eurr.
1099 3700 1242 3761 Seburtz·

131 3777 239 3854 ilatum.
321 3775 445 3841 ‘Probus
464 3789 570 3848 autera,
591 3796 677 3855 super
694 3777 748 3848 bie,
767 3779 874 3853 lnquit,
914 3778 1049 3852 rusatpus
1064 3777 1099 3836 ub
1119 3778 1242 3837 bomiul-

131 3856 184 3916 bus
205 3857 349 3932 [amnibus
368 3859 401 3936 p]
421 3858 615 3934 praedicatur,
641 3874 723 3932 quem
750 3858 839 3912 etium
906 3853 1023 3913 arttalls
1049 3860 1173 3914 caruitne
1191 3875 1243 3914 sua

134 3933 289 3993 laudauit:
315 3943 380 3994 stat
400 3955 432 3994 ω
501 3937 533 3992 la
551 3932 651 4010 pblulu
673 3930 800 3992 nutant
820 3931 923 3989 uellera
942 3931 1053 4003 Pbruut
1072 3932 1181 4004 uultus,
1206 3931 1242 3991 ub

131 4011 187 4072 bue
205 4011 304 4070 mullet
322 4021 405 4072 aesta
438 4015 517 4070 uisse
535 4003 639 4070 aurun'
669 4013 703 4068 V.
840 4013 887 4067 13.
904 4002 1040 4066 ‘subaudi
1059 4027 1078 4067 u
1100 4008 1243 4084 limatae,

130 4091 225 4166 lnquit
243 4089 365 4160 Probus,
382 4108 455 4166 quae
473 4096 539 4148 unte
558 4086 720 4164 Apollinem
735 4105 877 4163 responsu
896 4077 1002 4144 datar?
1028 4089 1059 4142 V.
1129 4089 1176 4144 24.
1197 4087 1242 4143 in-

131 4169 249 4226 teritum
268 4169 327 4227 PS.
348 4186 422 4228 sorr.
443 4165 571 4239 Hufmuu
584 4164 751 4242 Peerlkamp
773 4163 810 4220 aa
836 4163 1047 4238 vernilem!
1057 4166 1159 4238 ρ.181.
1180 4163 1242 4221 sor·

131 4245 234 4302 tuitum
253 4263 280 4304 s.
358 4248 405 4304 25.
426 4244 664 4302 subministrantis
684 4245 719 4302 P.
740 4240 988 4300 subministrantes
1009 4241 1042 4297 8.
1063 4257 1139 4298 surr.
1160 4258 1185 4300 a.

977 4337 1043 4404 12·
