3025 4859
269 332 317 409 16
643 349 677 402 u.
696 346 786 403 rvuu
803 345 998 403 rvannurs

266 514 400 583 traditur
422 538 498 585 ecce
520 520 589 586 uiro
612 517 716 586 clarus
738 538 857 611 genere
879 523 975 609 atque
997 513 1110 607 opibus
1131 517 1194 582 uir:

266 650 326 696 nec
348 626 473 721 galeam
495 651 644 721 quassas,
667 652 728 697 nec
749 637 867 696 terram
889 627 1021 719 cuspide
1041 623 1164 720 pulsas,

265 760 325 806 nec
348 741 490 830 quereris
512 736 616 832 patri?
649 740 731 807 uade
754 761 832 833 ergo
855 746 888 806 et
909 737 988 805 cede
1010 739 1116 805 seueri

264 847 426 941 iugeribus
449 852 568 941 campi,
591 873 688 943 quem
709 848 862 942 neglegis.
897 844 1062 915 “officium
1084 870 1154 917 cras

264 961 368 1051 primo
391 956 460 1025 sole
482 958 558 1027 mihi
579 961 797 1052 peragendum
819 960 851 1027 in
872 958 958 1026 ualle
979 957 1131 1044 Quirini?

265 1092 348 1162 quae
371 1091 467 1137 causa
491 1067 608 1137 officii?
635 1065 737 1162 “quid
759 1067 908 1162 quaeris?
938 1069 1029 1137 nubit
1049 1072 1184 1153 amicus,

263 1200 325 1247 nec
346 1179 464 1247 multos
487 1175 642 1247 adhibet?³
678 1180 774 1247 liceat
794 1181 892 1248 modo
913 1182 1038 1262 uiuere,
1061 1180 1150 1264 fient,

264 1287 340 1357 lient
360 1290 422 1356 ista
442 1289 564 1383 palam,
587 1292 717 1382 cupient
738 1301 771 1359 ct
792 1292 823 1359 in
847 1301 917 1359 actu
939 1292 1057 1358 reterri.

263 1401 383 1469 interea
406 1409 600 1468 tormentum
621 1402 734 1494 ingens
756 1399 947 1469 nubentibus
969 1402 1094 1481 haeret,

264 1510 350 1603 quod
372 1520 533 1604 nequeant
553 1534 666 1603 parere
689 1522 722 1580 et
741 1522 837 1605 partu
858 1515 993 1581 retinere
1015 1514 1153 1580 maritos.

264 1624 322 1691 sed
343 1622 471 1704 melius,
494 1623 580 1715 quod
603 1621 647 1689 nil
668 1624 780 1690 animis
801 1624 835 1691 in
856 1647 990 1716 corpora
1011 1625 1087 1691 iuris

263 1743 375 1803 natura
396 1730 556 1825 indulgct;
579 1731 702 1799 steriles
724 1733 908 1815 moriuntur,
932 1745 964 1801 et
985 1734 1046 1801 illis

262 1846 389 1937 turgida
411 1866 475 1912 non
498 1844 628 1936 prodest
650 1844 777 1911 condita
799 1845 918 1935 pyxide
940 1845 1045 1936 Lyde,

263 1977 323 2023 nec
344 1955 476 2047 prodest
499 1953 572 2045 agili
594 1952 715 2043 palmas
738 1954 892 2046 praebere
913 1954 1055 2048 luperco.

262 2066 340 2133 uicit
362 2074 394 2133 et
415 2064 477 2132 hoc
500 2072 678 2132 monstrum
700 2065 831 2132 tunicati
853 2067 975 2134 fuscina
998 2067 1152 2151 Gracchi,

262 2175 472 2266 lustrauitque
494 2176 570 2267 iuga
591 2174 730 2243 mediam
752 2174 909 2267 gladiator
929 2176 1082 2247 harenam

263 2296 297 2356 et
318 2285 504 2377 Capitolinis
527 2286 712 2378 generosior
734 2295 768 2352 et
788 2285 948 2355 Marcellis

264 2407 296 2465 et
318 2396 424 2466 Catuli
445 2394 599 2488 Paulique
622 2396 794 2465 minoribus
816 2405 849 2464 et
868 2396 975 2465 Fabiis
998 2409 1031 2468 et

263 2507 409 2576 omnibus
431 2508 471 2575 ad
492 2506 625 2600 podium
647 2506 878 2598 spectantibus,
900 2508 949 2577 lris
970 2508 1046 2578 licet
1065 2513 1171 2605 ipsum

263 2618 450 2701 admoueas,
473 2619 563 2688 emus
587 2626 662 2687 tunc
683 2642 817 2688 minnere
837 2621 917 2689 retia
938 2622 1030 2689 misit.

262 2826 319 2881 130
327 2840 370 2898 sq.
391 2820 775 2891 Priscioa.XVIll,19,150
788 2820 916 2897 ρ.1164.·
934 2813 1059 2892 ‘Queror
1071 2828 1099 2878 te
1115 2828 1144 2879 et
1156 2820 1208 2880 tibi
1222 2840 1276 2899 pro
1291 2822 1370 2900 opud

262 2906 298 2957 te.
323 2897 477 2958 lacusculis
494 2897 525 2953 in
540 2900 571 2956 1:
592 2915 647 2953 nec
664 2897 793 2993 quereris
807 2897 884 2973 patri
898 2916 952 2955 nec
971 2908 1075 2955 terram
1091 2899 1212 2978 cuspide
1227 2892 1366 2975 quassas?

260 2978 502 3044 xt'111‚25,239
517 2992 547 3051 p.
561 2978 649 3031 1190:
679 2972 823 3030 steriliter
838 2976 935 3031 nostri
950 2992 1050 3050 queror
1064 2972 1117 3033 tibi
1132 2983 1162 3032 et
1177 2983 1216 3034 te.
1236 2980 1367 3036 tuaene-

262 3052 391 3112 lisinis
411 3072 464 3109 nec
486 3050 614 3126 quereris
636 3050 711 3127 patri
732 3069 787 3107 nec
806 3059 911 3107 terram
932 3052 1054 3130 cuspide
1075 3047 1214 3128 quassas.²
1313 3072 1368 3112 nec

261 3139 393 3209 ternpore
413 3129 534 3206 cuspide
554 3126 614 3185 cod.
632 3126 711 3204 operd
722 3130 857 3203 Lipsium
872 3131 971 3204 epistt.
984 3136 1109 3206 quaesit.
1120 3134 1163 3199 Π,
1175 3135 1202 3188 u.
1223 3150 1278 3189 nec
1297 3150 1367 3209 par-

260 3226 335 3265 mam
357 3206 505 3265 Pletlncr.
532 3202 716 3263 Slotbouwer
731 3211 803 3262 ectt.
818 3222 877 3263 soc.
892 3204 991 3263 Rbeno
1006 3208 1129 3264 disicet.
1140 3210 1192 3266 m
1204 3228 1232 3285 p.
1246 3212 1297 3268 191
1311 3226 1367 3283 sq.‚

260 3304 315 3344 nec
335 3303 446 3361 gersam
467 3280 613 3341 Heinricls.
692 3285 759 3340 131.
780 3283 928 3359 quaereris
946 3285 981 3340 P.
1060 3288 1126 3342 133.
1147 3284 1177 3341 in
1196 3285 1270 3343 colle
1291 3284 1366 3353 Qui-

260 3362 315 3419 rini
338 3360 483 3419 Bentleiue
504 3359 622 3417 adHor.
640 3378 727 3418 eamn.
740 3361 767 3428 l,
779 3364 807 3427 2,
819 3362 867 3416 46.
889 3362 963 3417 coni.
975 3363 1107 3434 Ruperti.
1125 3354 1172 3418 ‘ln
1193 3362 1271 3419 ualle
1292 3362 1367 3419 colle

261 3434 388 3507 Quirini'
410 3436 501 3496 schol.
587 3442 653 3495 134.
674 3438 817 3494 Priscian.
828 3440 883 3502 xl,
895 3437 970 3503 3,14
990 3455 1019 3511 p.
1031 3442 1102 3496 916:
1120 3432 1172 3496 ‘Et
1192 3445 1295 3497 contre
1315 3442 1366 3495 ui-

260 3518 448 3593 tuperatioois
468 3532 560 3571 causo
572 3531 691 3589 possum
705 3513 798 3571 dicere
813 3520 849 3570 ut
862 3513 1013 3572 taeniolis
1029 3515 1062 3572 io
1075 3519 1112 3574 11
1117 3536 1124 3571 a
1146 3518 1228 3573 nubit
1247 3516 1365 3584 amicus,

259 3600 415 3669 etoasptus
430 3586 494 3649 uir.³
561 3595 627 3649 133.
648 3598 794 3667 nequeant
807 3593 847 3647 P:
866 3600 1014 3666 nequeunt
1033 3610 1067 3649 ω.
1134 3596 1201 3652 139.
1222 3592 1366 3650 dimelius

260 3670 323 3729 eod.
340 3670 494 3729 Vienensis.
575 3668 604 3724 iu
625 3686 748 3744 corpora
762 3669 813 3723 Por
828 3670 867 3726 N.
881 3669 1019 3726 Heinsius
1030 3666 1069 3725 od
1081 3668 1167 3727 Ouid.
1188 3673 1282 3737 canl,
1293 3674 1320 3737 1,
1331 3674 1367 3728 5.·

260 3748 424 3826 incorpore
445 3762 472 3813 ς.
552 3746 618 3803 140.
639 3745 800 3801 moriuntur
813 3747 853 3801 P:
872 3745 1030 3801 morientur
1049 3764 1084 3803 ω.
1162 3747 1228 3805 141.
1249 3747 1367 3803 condita

281 3826 366 3901 yxide
385 3824 460 3881 Lide
479 3826 547 3882 Par:
579 3823 607 3879 in
627 3822 734 3899 pyxide
756 3821 872 3879 condita
898 3820 957 3878 lide
984 3829 1037 3878 out
1062 3823 1178 3880 condita
1204 3824 1232 3879 iu
1258 3823 1366 3901 pyxide

258 3844 318 3960 lide
339 3919 366 3969 ς.
397 3901 446 3959 lite
470 3898 644 3958 Buelmrona.
725 3898 791 3956 146.
813 3897 910 3955 Catuli
929 3897 1070 3974 Paulique
1090 3903 1130 3957 P:
1156 3900 1267 3958 Catulis
1286 3900 1365 3956 Pau-

259 3980 352 4056 lisque
372 3998 428 4055 pm.
458 3977 599 4051 Paulique
621 3994 673 4033 ean.
694 3976 817 4052 Lipsius
835 3978 935 4050 epistt.
956 3980 1206 4049 quaestuum.
1306 3976 1365 4033 Fa-

259 4058 313 4115 biis
334 4076 395 4134 pm:
420 4054 520 4112 Felicis
540 4057 576 4114 P.
707 4062 736 4110 et
756 4053 888 4109 omnibus
908 4082 947 4094 —-
966 4056 1163 4130 spectantibus
1182 4056 1308 4111 Sentius
1327 4050 1367 4111 od

262 4136 345 4209 Verq.
365 4134 439 4191 Aere.
454 4134 486 4201 V,
498 4132 564 4189 340.
656 4131 722 4189 147.
743 4128 781 4185 ed
800 4147 862 4263 pso:
886 4138 916 4187 at
935 4132 970 4186 P.
1067 4135 1133 4191 148.
1153 4149 1271 4189 munera
1291 4132 1366 4189 retia

205 4262 207 4267 .
258 4211 376 4290 pulsent
395 4228 432 4269 ec
451 4207 512 4268 cod.
528 4206 683 4284 Sebepbius
703 4205 742 4266 ud
758 4210 799 4265 Ve
810 4206 829 4265 1.
840 4209 909 4266 Pet.
926 4210 953 4275 1,
966 4210 1013 4266 13.
