3025 4859
238 361 289 437 30
611 376 645 429 n.
664 376 752 431 nnn
770 374 965 431 inventus

238 548 264 613 si
285 546 355 613 rixa
377 554 439 627 est,
463 543 517 613 ubi
539 555 574 614 tu
595 543 718 639 pulsas,
742 567 803 637 ego
826 544 943 638 uapulo
968 554 1100 613 tanturn.

237 664 299 723 stat
321 665 432 724 contra
455 658 593 749 starique
615 655 713 725 iubet.
747 679 860 747 parere
882 680 1017 725 necesse
1040 665 1106 736 est,
1280 672 1344 729 290

236 768 408 860 namquid
430 790 522 860 agas,
546 792 620 836 curn
641 777 674 834 te
696 769 833 834 luciosus
855 778 951 860 cogat
972 777 1004 835 et
1025 768 1111 835 idem

237 877 371 946 sortior?
395 874 496 946 ‘unde
517 874 640 946 uenisl'
670 879 828 946 exclamat
846 874 952 946 ‘cuius
973 887 1084 960 aceto,

237 992 327 1058 cuius
350 990 471 1057 conche
494 987 620 1057 tumes?
651 991 721 1081 quis
744 998 852 1055 tecum
874 988 984 1055 sectile
1006 1012 1137 1080 porrum

237 1110 325 1169 sutor
348 1111 381 1168 et
404 1099 477 1167 elixi
500 1101 646 1167 ueruecis
667 1098 756 1166 labra
779 1098 940 1166 comedit?

236 1212 280 1281 nil
302 1212 378 1279 milri
400 1206 597 1301 respondes?
627 1219 682 1276 aut
704 1211 764 1291 dic,
786 1219 842 1276 aut
863 1213 973 1301 accipe
995 1209 1133 1278 calcem!
1281 1223 1344 1279 295

237 1325 312 1405 ede,
334 1321 388 1390 ubi
411 1316 581 1389 consistas!
610 1322 641 1387 in
664 1329 781 1412 quate
804 1342 922 1412 quaero
943 1317 1156 1412 proseuclta‘.>³

237 1435 343 1501 dicere
368 1435 394 1499 si
417 1439 553 1522 temptes
576 1429 694 1523 aliquid
716 1432 874 1499 taciturne
895 1430 1043 1512 recedas,

237 1544 435 1613 tantumdem
457 1550 521 1623 est,
543 1542 660 1609 feriunt
681 1542 812 1633 pariter,
834 1541 1015 1609 uadimonia
1037 1541 1151 1610 deinde

234 1657 306 1722 irati
327 1652 611 1735 faciunt31ibertas
633 1653 784 1743 pauperis
805 1651 885 1720 haec
907 1662 970 1723 est:

235 1763 381 1858 pulsatus
402 1772 495 1854 rogat
518 1771 549 1829 et
570 1764 685 1854 pugnis
708 1764 855 1830 concisus
876 1763 1002 1843 adorat,

236 1885 272 1942 ut
293 1875 388 1942 liceat
409 1874 518 1965 paucis
541 1896 615 1941 curn
637 1872 785 1940 dentibus
806 1874 879 1941 inde
901 1874 1028 1940 reuerti.

235 2009 296 2054 nec
317 1994 426 2051 tamen
447 1984 527 2052 haec
550 1993 673 2053 tantum
693 1994 832 2065 metuas,
854 2008 928 2051 nam
951 1984 1005 2076 qui
1027 1982 1142 2075 spoliet
1163 1994 1196 2051 te

235 2119 299 2166 non
321 2096 438 2177 deerit,
461 2092 575 2161 clausis
598 2094 745 2162 domibus
767 2104 939 2188 postquam
962 2096 1064 2161 omnis
1086 2092 1204 2187 ubique

236 2207 298 2275 [ixa
321 2216 485 2275 catenatae
508 2205 592 2272 siluit
615 2228 772 2298 compago
795 2204 960 2288 tabernae3

236 2318 395 2386 interdum
417 2326 450 2385 et
471 2318 555 2384 lerro
579 2316 700 2385 subitus
723 2325 885 2407 grassator
912 2318 978 2409 agit
999 2340 1075 2384 rem.
1281 2329 1342 2385 305

236 2438 358 2496 armato
380 2429 528 2519 quotiens
551 2437 638 2495 tutae
661 2429 795 2495 custode
818 2435 965 2494 tenentur

236 2550 269 2607 et
289 2538 459 2630 Pomptina
481 2537 571 2630 palus
594 2547 627 2605 et
650 2536 820 2605 Gallinaria
842 2539 950 2629 pinus,

236 2653 282 2718 sic
303 2650 376 2718 inde
398 2649 461 2718 huc
484 2672 595 2717 omnes
618 2658 781 2741 tamquam
803 2648 844 2715 ad
865 2650 986 2715 uinaria
1009 2656 1148 2716 currunt

236 2784 298 2855 qua
320 2762 450 2829 fornace
473 2784 603 2854 graues,
627 2783 690 2851 qua
712 2783 777 2827 non
799 2760 928 2842 incude,
952 2756 1108 2827 catenae?

234 2872 392 2939 maximus
415 2874 447 2939 in
470 2870 582 2938 uinclis
604 2871 678 2937 terri
700 2871 829 2954 modus,
852 2881 888 2939 ut
910 2873 1039 2951 timeas,
1062 2893 1103 2938 ne
1278 2884 1340 2939 310

234 3006 346 3051 uomet
369 2980 508 3064 deficiat,
531 3003 573 3048 ne
594 3006 717 3051 marrae
740 2990 773 3048 et
796 2981 920 3050 sarcula
943 2982 1054 3050 desint

234 3092 343 3161 [elices
365 3115 559 3185 proauorum
582 3102 708 3175 atauos,
731 3092 834 3161 felicia
857 3093 943 3161 dicas

234 3201 377 3285 saccula,
400 3226 482 3296 quae
504 3203 665 3296 quondam
687 3204 745 3271 sub
768 3205 897 3297 regibus
920 3214 1015 3299 atque
1039 3202 1171 3273 tribunis

232 3315 382 3383 uiderunt
404 3336 469 3383 uno
492 3322 677 3383 contentam
700 3338 829 3383 carcere
849 3312 996 3384 Romam.

233 3524 300 3580 290.
322 3531 379 3579 stat
392 3552 428 3563 —
444 3524 522 3582 iubet
541 3526 682 3582 Priscian.
693 3526 777 3593 XIV,
789 3529 816 3594 1,
828 3528 845 3585 5
858 3544 888 3603 p·
896 3527 962 3584 976.
983 3528 1066 3598 XIV,
1076 3529 1107 3598 3,
1116 3524 1155 3585 34
1166 3541 1196 3601 p.
1207 3528 1275 3584 990.

232 3602 300 3657 293.
322 3600 432 3657 conche
453 3602 489 3657 S:
519 3600 622 3658 conclr.
643 3604 677 3671 P,
703 3603 814 3659 conclra
832 3623 886 3679 por.
1024 3605 1090 3661 294.
1112 3612 1197 3661 et-
1218 3602 1343 3661 comedit

233 3678 376 3733 nonan.
393 3680 427 3745 V,
439 3682 466 3745 6,
477 3680 514 3735 36
530 3697 560 3753 p.
569 3682 636 3737 655.
735 3682 866 3738 nerbecis
888 3684 922 3737 P.
1018 3684 1076 3739 296
1097 3686 1163 3738 aaa
1182 3683 1239 3739 295
1259 3683 1342 3755 ponit

233 3752 471 3827 Piazperdeooa.
483 3773 563 3830 spur.
574 3776 602 3831 p.
613 3757 659 3814 14.
733 3762 801 3816 297.
823 3778 874 3815 seu
885 3756 1039 3815 Schrader.
1117 3762 1184 3815 300.
1206 3767 1342 3814 contusus

234 3832 379 3887 Domitius
402 3830 584 3891 Golderinas.
668 3836 734 3891 302.
755 3835 811 3891 troc
832 3851 860 3902 ς.
943 3838 1009 3893 304.
1032 3844 1183 3893 catenatae
1203 3834 1282 3891 siluit
1301 3854 1342 3892 arr

233 3907 389 3964 catenalnit
407 3912 443 3982 P,
463 3919 594 3967 catenata
615 3910 692 3967 siluit
712 3930 741 3988 p.
769 3920 919 3969 catenatae
939 3915 970 3970 S.
1049 3918 1115 3972 307.
1135 3913 1255 3989 pontina
1276 3931 1302 3979 ς.

232 3986 298 4041 310.
319 3985 421 4042 modus
443 3997 495 4054 est,
517 3986 617 4044 timeas
638 4007 714 4044 nunc
733 3989 819 4047 ecod.
836 3988 1001 4065 uaesana.
1014 3988 1340 4063 Wakefietdosttcrct.

231 4064 368 4131 111,255.
440 4068 507 4122 311.
528 4082 640 4123 marrae
659 4084 720 4141 pto:
740 4086 834 4124 marra
846 4070 881 4124 P.
951 4072 1018 4127 312.
1038 4086 1193 4147 prauorum
1208 4066 1329 4125 Bolttdt.

233 4136 313 4197 dicas
334 4142 374 4199 P:
394 4140 466 4199 dicis
485 4160 514 4216 p.
