3025 4859
237 367 315 444 374
623 377 962 434 sonomnvnrsnn.

238 562 305 621 tem
328 551 461 633 dabunt,
484 548 604 618 nullam
626 549 862 638 promotionem
884 547 971 617 dabit
991 548 1158 639 cuiquam,
1187 543 1273 637 quod
1296 565 1357 613 ac·

240 664 335 756 cipiet
355 661 407 730 hic
429 662 470 729 de
492 671 546 728 tua
568 661 712 753 pecunia.

324 773 398 840 258.
422 795 618 840 orsoruurnu.
641 771 794 863 periculo.

324 884 397 948 260.
428 907 546 950 rrsovs.
581 883 717 974 peeunia
739 879 868 949 saeculi.
1000 881 1154 949 Cssrona
1176 900 1289 948 uvrnu.
1313 877 1360 947 ad

215 992 396 1086 rtemplum
419 994 571 1062 Castoris.

326 1106 398 1171 261.
422 1128 467 1172 nx
489 1130 552 1183 ovo
575 1103 668 1172 lllsns
690 1127 809 1173 vnron.
838 1105 871 1172 id
893 1113 957 1186 est,
979 1111 1072 1170 antea
1095 1100 1241 1170 solebant
1262 1125 1359 1171 areas

242 1225 366 1284 aeratas
389 1217 494 1284 lacere
517 1224 550 1283 et
570 1214 613 1283 ibi
636 1218 762 1283 mittere
790 1216 959 1307 pecuniam
987 1237 1078 1282 suam
1109 1223 1293 1294 senatores,
1322 1223 1360 1280 et

243 1327 289 1395 sic
311 1329 343 1394 in
365 1329 435 1394 loro
458 1325 567 1394 Martis
590 1349 715 1418 ponere.
745 1349 859 1394 uerum
882 1334 1090 1417 pernoctem
1112 1349 1131 1393 a
1155 1323 1359 1420 16666666-

246 1436 384 1528 poliatae
407 1445 480 1504 sunt
502 1459 603 1518 arcae,
627 1448 659 1504 et
681 1447 856 1529 coeperunt
880 1462 921 1504 ex
943 1460 982 1503 eo
1005 1437 1045 1503 ad
1066 1434 1223 1528 templum
1238 1434 1357 1503 Casto-

207 1549 289 1615 roris
311 1571 439 1640 ponere.
463 1548 535 1615 ideo
559 1547 636 1615 dicit
651 1543 751 1615 ‘Mars
774 1548 858 1616 ultor
879 1547 1005 1640 galeam
1026 1543 1180 1639 perdidit?
1243 1569 1359 1614 renor-

245 1683 301 1727 mr
323 1683 366 1726 nr
388 1683 456 1726 nus.
491 1681 532 1726 ex
553 1659 607 1727 illo
632 1661 768 1750 pecunia
789 1660 952 1740 mandata,
980 1683 1022 1725 ex
1043 1681 1108 1750 quo
1131 1657 1217 1725 Mars
1238 1681 1258 1726 a
1280 1659 1359 1726 luri-

244 1768 305 1837 bus
328 1769 482 1861 spoliatus
504 1779 562 1836 est.

330 1880 402 1946 263.
440 1905 483 1948 or
506 1880 648 1948 Cononis
671 1903 703 1950 n.
725 1905 755 1948 6.
779 1880 818 1949 C.
840 1904 869 1947 n.
906 1879 999 1947 ludos
1026 1880 1212 1961 theatrales,
1241 1882 1295 1973 qui
1324 1887 1358 1951 in

245 1988 368 2058 honore
390 1991 521 2059 dearum
545 1989 741 2058 exhibentur.

208 2131 235 2172 6
332 2102 405 2168 264.
428 2124 569 2169 nnsorm
584 2125 670 2169 nvm.
693 2104 822 2196 negotia
843 2103 1008 2172 hominum
1028 2103 1165 2171 maiores
1186 2100 1280 2172 ludos
1299 2102 1359 2173 ha·

245 2211 332 2300 hent,
354 2235 451 2304 quarn
472 2212 580 2280 uotiua
605 2211 809 2282 sollemnitas.

330 2324 404 2392 266.
426 2346 544 2390 rvnmr.
566 2324 780 2392 funambulus.

331 2436 404 2501 267.
428 2457 515 2513 ovnu
538 2459 580 2501 rv
606 2435 764 2504 Conrcn.
788 2435 934 2528 Corycus
957 2439 1070 2507 ciuitas
1091 2432 1238 2506 hanniae.
1299 2461 1360 2509 ne·

249 2547 387 2638 gotiator
408 2548 463 2638 qui
486 2547 737 2640 omnitempore
760 2549 902 2640 nauigas.

211 2683 238 2724 20
333 2656 406 2724 269.
448 2680 624 2725 nonomen
654 2681 798 2726 assuris.
837 2659 1094 2752 opobalsamum,
1135 2669 1190 2728 aut
1218 2658 1360 2728 malaba-

248 2773 341 2833 trum.
429 2769 601 2859 [onnurrsh
623 2771 761 2838 foetidae
782 2769 915 2840 alieuius
936 2774 1061 2841 mercis.
1145 2772 1199 2840 uel
1220 2793 1264 2840 ex
1284 2796 1358 2840 sen-

249 2877 347 2944 tentia
368 2873 468 2945 halitu
490 2879 635 2948 foetidae.

334 2988 408 3055 271.
430 3012 552 3057 rassvrr
569 2991 781 3082 [nvnrcrrssl.
805 2992 958 3077 Creticus,
981 2996 1055 3087 quia
1076 2993 1216 3087 luppiter
1236 2992 1280 3060 ihi
1300 3017 1361 3064 nu·

251 3098 342 3166 tritus
366 3106 423 3164 est.

211 3235 238 3277 6
334 3208 409 3277 273.
446 3232 571 3278 vrcrvn
599 3235 673 3280 una
699 3237 861 3284 6666666.
900 3215 1104 3286 funambulus
1133 3241 1190 3299 en¹
1204 3217 1266 3287 hae
1293 3228 1360 3288 arte

250 3319 372 3388 uictum
394 3321 452 3388 sibi
475 3331 636 3414 conparat.
722 3348 921 3405 nnvnnnovn
944 3351 972 3395 r.
995 3351 1028 3395 u.
1051 3351 1080 3404 o.
1108 3325 1259 3397 Horatius
1281 3331 1360 3418 [sat

251 3428 275 3514 l,
295 3432 326 3514 2,
349 3433 399 3523 6];
422 3428 536 3526 ‘frigus
558 3457 623 3527 quo
646 3435 822 3529 duramque
845 3439 962 3506 famem
984 3437 1144 3530 depellere
1166 3436 1285 3531 possit?

248 3693 276 3748 1.
304 3688 383 3746 nulla
407 3695 551 3768 promotio
577 3694 770 3755 Sohrouolius.
808 3697 887 3754 nulla
918 3697 946 3754 in
975 3700 1156 3776 promotione
1188 3698 1219 3757 id
1245 3697 1361 3758 dabitur

248 3763 479 3839 Sohurtzllotsoh.
538 3776 567 3830 2.
588 3791 640 3830 sua
661 3770 895 3847 Salturtzlleteoh.
954 3779 983 3834 3.
1004 3777 1163 3854 periculum
1185 3779 1359 3854 PS.oorr.p.

247 3847 277 3902 8.
298 3843 406 3922 templo
419 3845 519 3904 Martis
541 3853 678 3907 Eremito.
723 3857 770 3910 11.
790 3854 944 3930 pecuniam
965 3862 1041 3910 amat
1060 3857 1119 3911 ΡΒ.
1132 3873 1205 3914 corr.
1216 3854 1359 3913 6666616-

248 3917 439 3994 fleisoheood.
523 3927 569 3984 16.
591 3927 700 3984 dabunt
719 3947 743 3986 s.
824 3933 870 3989 17.
891 3930 1087 3987 funambulum
1109 3935 1166 3990 PS.
1188 3950 1261 3992 corr.
1282 3937 1361 3990 Hen-

248 4001 357 4056 616166.
466 4007 512 4060 20.
534 4003 751 4080 apobalsamurn
772 4010 830 4065 PS.
846 4025 965 4082 eornp.
1069 4010 1109 4065 ait
1129 4008 1196 4068 odd.
1217 4009 1360 4068 Sohortz·

249 4073 355 4149 11616611.
448 4082 496 4137 21.
517 4079 645 4138 foetidae
667 4083 765 4140 ualent
785 4086 877 4142 uicem
897 4085 1001 4142 mercis
1025 4086 1055 4143 G.
1074 4086 1178 4144 Barth.
1271 4097 1302 4143 ut
1322 4107 1358 4145 ex

250 4155 392 4212 sententia
418 4155 468 4214 tali
493 4165 523 4213 tu
549 4156 659 4216 loetide
680 4162 737 4218 ΡΒ.
770 4171 798 4219 tu
829 4163 914 4220 etiam
941 4163 1084 4220 sententia
1110 4172 1160 4220 tua
1188 4163 1240 4221 tali
1263 4164 1360 4224 foetes

252 4229 282 4288 (ἶ.
301 4230 403 4292 Barth.
425 4234 474 4304 ait,
495 4241 524 4291 et
544 4237 687 4294 sententia
708 4237 784 4310 talis,
804 4247 835 4296 tu
854 4237 965 4298 loetide
985 4257 1010 4296 o.
1088 4245 1137 4300 23.
1159 4241 1277 4300 Geticas
1297 4260 1326 4322 p.
