3025 4859
254 336 331 411 348
639 350 799 405 senous
816 352 978 409 manat.
1075 311 1088 334 ›

338 521 390 587 31.
413 544 628 588 anrunnvne.
641 544 670 589 Ρ.
683 544 712 588 r..
735 520 819 587 latus
841 521 938 589 dabat
959 521 1050 589 nauis
1066 528 1099 588 et
1113 517 1226 587 arbore
1241 527 1364 587 coacta.

338 632 388 698 32.
412 654 598 699 envnaurra
622 655 704 699 caut.
734 631 797 719 [33.
822 632 1005 719 sacratus}
1028 630 1258 722 gubernatoris.

337 742 388 808 34.
423 762 540 807 courrr
565 766 592 809 c.
616 766 648 808 v.
671 766 702 811 r.
737 742 778 809 de
800 740 942 833 periculo
966 742 1060 809 etde
1082 742 1147 807 uita
1174 740 1281 831 coepit
1306 761 1365 830 pa-

255 854 331 921 cisci
353 875 428 920 cum
450 854 563 917 uentis.

226 975 242 1015 ὃ
341 964 392 1030 34.
427 985 571 1030 casroaa
594 986 648 1039 cvr
670 984 716 1029 sc.
752 971 910 1029 castorem
933 960 1066 1030 hebrum
1090 961 1180 1040 dicit,
1214 961 1366 1051 quicum

204 1062 215 1089 ⁰
255 1075 369 1142 uiderit
397 1096 432 1139 se
462 1071 600 1139 obsideri
634 1082 666 1139 et
694 1094 757 1137 non
790 1094 886 1162 posse
913 1072 1069 1152 euadere,
1096 1069 1260 1138 testiculos
1288 1092 1366 1136 suos

254 1209 363 1253 morsu
391 1183 520 1251 auulsas
549 1184 671 1275 proicit.
708 1181 853 1272 intelligit
881 1183 965 1249 enim
996 1180 1036 1247 ob
1063 1180 1146 1247 hanc
1173 1203 1242 1247 rem
1269 1202 1366 1270 posse

257 1297 336 1387 capi.
443 1293 494 1359 37.
520 1294 749 1382 {manicarum}
784 1294 858 1383 quia
886 1293 926 1360 ad
948 1292 1156 1359 medicamina
1176 1288 1270 1358 ualde
1291 1296 1366 1356 sunt

256 1406 435 1474 necessarii.

218 1534 244 1576 ιο
340 1516 391 1583 37.
413 1538 555 1583 rvunrru
579 1539 607 1593 o.
630 1539 664 1581 u.
688 1538 714 1581 e.
738 1515 871 1604 proicite
893 1515 926 1582 in
948 1537 1036 1582 mare
1058 1536 1110 1581 res
1132 1534 1230 1581 meas.

341 1626 392 1693 39.
416 1629 666 1693 Maucnuarrnvs
683 1648 802 1692 aaran.
830 1624 863 1691 id
886 1633 943 1704 est,
965 1623 1125 1691 nobilibus
1147 1631 1263 1714 aptam.

260 1776 265 1784 ·
339 1738 392 1804 42.
415 1760 542 1802 vraravs
566 1759 595 1804 o.
619 1757 650 1800 1..
673 1758 703 1801 a.
726 1758 756 1799 u.
779 1759 808 1801 a.
826 1758 856 1799 r.
872 1760 898 1802 s.
919 1735 952 1802 id
975 1743 1032 1813 est,
1053 1736 1187 1826 Spanas,
1209 1732 1367 1801 Baeticae.

339 1848 390 1915 44.
428 1844 634 1913 Paaruenros
670 1849 761 1931 (tenu
790 1868 853 1912 aec
884 1850 1087 1932 ancnurvu).
1126 1844 1273 1912 celatoria
1305 1866 1365 1911 no-

254 1982 337 2027 men.
405 1978 564 2023 caraceu.
587 1956 739 2046 grandem
761 1954 892 2035 scilicet,
914 1958 968 2046 qui
986 1978 1099 2023 urnam
1114 1964 1224 2045 posset
1239 1977 1365 2046 capere.

217 2081 243 2125 1⁶
339 2068 390 2135 45.
414 2065 564 2155 [Pn0n0].
587 2089 668 2133 unus
691 2066 730 2133 de
747 2065 924 2133 Centauris.
990 2088 1130 2134 cotttvun
1152 2065 1178 2133 F
1181 2089 1260 2135 vscr.
1283 2089 1367 2134 uxor

253 2180 347 2265 Fusci
371 2176 495 2244 ebriosa
517 2176 583 2241 luit.

338 2290 389 2355 46.
423 2312 508 2355 annu
533 2310 574 2353 ar
597 2308 797 2354 uascavnas.
835 2309 921 2368 uasa,
951 2288 1006 2355 ubi
1028 2286 1145 2355 calices
1166 2286 1364 2369 lauabantur,

254 2400 306 2470 uel
329 2398 475 2468 cacabos.

281 2562 285 2571 ,
340 2512 391 2577 47.
429 2531 560 2576 aaaron
584 2512 719 2576 Onrurr.
757 2506 915 2599 Filippus,
944 2519 1036 2600 pater
1057 2508 1227 2577 Alexandri
1249 2510 1365 2602 magni,

215 2623 307 2689 acui
329 2620 483 2709 Olyntum
505 2617 711 2686 Macedoniae
738 2618 900 2685 ciuitatem
922 2617 1099 2686 Lasthenes
1128 2629 1161 2687 et
1185 2619 1365 2710 Euthycra-

254 2743 303 2798 tes
326 2730 541 2823 prodiderunt.
572 2730 627 2820 qui
649 2750 723 2795 cum
745 2750 763 2793 a
786 2726 910 2819 Filippo
932 2730 1111 2820 proditores
1132 2754 1168 2798 se
1189 2732 1365 2822 nuncupari

253 2866 330 2933 sepe
352 2840 523 2921 audissent,
546 2841 645 2905 uitam
666 2838 783 2930 laqueo
805 2837 961 2907 lirtierunt.

338 2951 390 3016 48.
424 2973 488 3026 ova
510 2973 613 3016 uvam
636 2974 665 3016 r.
688 2973 716 3026 Q.
740 2974 769 3016 a,
807 2950 878 3040 quis
908 2948 989 3017 alter
1014 2960 1070 3017 aut
1091 2952 1124 3019 in
1146 2975 1210 3044 qua
1230 2954 1363 3045 regione

254 3060 361 3129 mundi
382 3060 549 3141 inuenitur,
573 3063 626 3151 qui
649 3059 784 3127 salutem
806 3061 961 3151 pecuniae
982 3061 1164 3153 praeierat?

215 3182 242 3223 ²⁵
339 3170 390 3236 51.
428 3192 488 3236 sun
510 3194 600 3237 vrato
624 3195 727 3239 caeci.
766 3172 883 3251 idest,
913 3170 1115 3255 multisunt,
1143 3172 1259 3266 quiob
1281 3172 1364 3241 hanc

255 3304 384 3349 causam
412 3278 566 3373 colligunt
592 3281 798 3372 patrimonia,
829 3290 865 3348 ut
893 3290 1015 3349 tantum
1041 3282 1121 3351 haec
1147 3282 1300 3367 habeant,
1327 3292 1364 3356 ut

253 3415 319 3463 non
342 3401 448 3460 tamen
470 3399 608 3474 utantur,
632 3392 689 3459 sed
712 3393 864 3460 auaritiae
886 3392 1089 3469 satisfaciant,

252 3656 281 3711 t.
301 3650 378 3709 latus
399 3650 540 3707 clauatum
560 3651 643 3708 nauis
664 3654 767 3711 arbore
791 3651 940 3710 confracta
959 3650 1191 3725 Subutnfldrrb.
1221 3655 1297 3714 latus
1317 3656 1361 3715 la·

251 3730 339 3787 habat
361 3728 428 3803 (uel
449 3726 585 3801 nutabat)
613 3740 641 3787 et
667 3732 754 3788 arbor
772 3730 865 3787 fracta
884 3747 908 3786 o.
1026 3734 1054 3787 3.
1076 3732 1152 3787 uitiis
1172 3735 1230 3791 ΡΒ.
1245 3752 1319 3793 corr.
1332 3754 1362 3811 p.

252 3806 311 3863 uita
333 3808 356 3862 is
375 3822 402 3862 ο.
419 3796 428 3819 ⁸
479 3798 629 3863 ‘iacturam
653 3810 788 3865 mercium
809 3800 915 3865 lacere'
940 3806 1040 3882 pluero
1059 3812 1256 3885 superscripto
1274 3815 1306 3869 ta
1326 3816 1362 3870 P.

251 3890 361 3958 recepta
383 3902 402 3938 u
422 3901 449 3958 p.
560 3885 588 3939 5.
609 3882 710 3939 fihrurn
732 3884 869 3941 Monet-ar
889 3883 928 3942 od
947 3888 1051 3960 lippia.
1071 3884 1132 3957 [ob.
1146 3890 1194 3945 69.
1213 3907 1243 3962 p.
1256 3892 1322 3947 tto.

250 3962 278 4016 6.
300 3958 426 4016 obsedit-i
448 3960 504 4015 ΡΒ.
522 3978 594 4016 cort.
610 3978 640 4034 p.
721 3967 767 4018 11.
789 3973 887 4038 aptum
908 3964 967 4019 PS.
1046 3968 1092 4021 12.
1114 3964 1289 4041 Spaniaep.

251 4036 361 4094 ueticas
381 4037 440 4092 ΡΒ.
461 4036 597 4093 Baeticae
617 4056 646 4111 p.
725 4038 860 4095 Baeticus
881 4040 912 4095 id
931 4049 977 4097 est
995 4040 1113 4117 Spauus
1133 4046 1263 4116 Rutpera
1280 4062 1362 4103 narr.

252 4112 332 4171 lectt.
353 4115 430 4186 1111,
451 4114 479 4169 4.
559 4118 606 4171 17.
628 4132 696 4171 casa
716 4118 774 4173 PS.
795 4132 867 4172 corr.
887 4136 918 4191 p.
996 4118 1122 4175 libantur
1141 4124 1174 4177 P.
1196 4120 1362 4196 ligabantur

252 4191 284 4247 8.
305 4206 379 4248 corr.
389 4206 418 4265 p.
499 4193 545 4247 18.
567 4200 596 4247 et
616 4192 674 4249 Pu.
697 4208 772 4251 corr.
791 4210 817 4251 a.
894 4196 944 4250 23.
963 4193 1013 4268 qui
1033 4195 1090 4251 ΡΒ.
