3025 4859
596 342 743 399 sarran
760 342 819 399 ιιιι.
1190 324 1268 406 123

144 512 180 581 in
202 510 403 581 simulatione
425 506 540 581 araca?
649 536 821 583 cnsuaarn
844 508 1000 581 bruvano.
1023 510 1076 605 qui
1099 510 1266 581 admissio·
1340 589 1349 602 ‚

145 623 240 693 nibus
261 633 419 715 praeerat.

232 736 282 800 77.
319 732 479 801 Psoasvs.
519 733 601 803 lilius
623 735 794 816 trierarchi,
823 758 864 801 err
893 735 983 803 cuius
1006 732 1148 802 liburnae
1171 756 1265 825 para-

144 866 237 913 semo
257 866 376 911 nomen
398 848 531 938 accepit,
559 846 635 913 iuris
658 844 762 912 studio
786 843 919 937 gloriam
943 846 1114 912 memoriae
1136 845 1262 923 meruit,

145 964 184 1025 ut
202 954 284 1023 liber
305 954 413 1047 uulgo,
441 978 505 1024 non
534 954 632 1021 homo
659 955 826 1047 diceretur.
853 955 904 1023 hic
932 956 1060 1023 functus
1088 956 1174 1023 omni
1202 953 1286 1022 ho·s

148 1088 229 1135 nore
249 1088 325 1134 cum
346 1066 518 1156 prouinciis
540 1065 682 1154 plurimis
702 1066 900 1157 praefuisset,
924 1066 1009 1133 urbis
1032 1088 1141 1133 curam
1163 1064 1264 1133 admi·

148 1178 305 1247 nistrauit
327 1175 402 1245 hinc
424 1185 474 1241 est
494 1174 705 1267 Pegasianum
727 1176 862 1245 SCtum.
938 1200 1067 1245 vrnrcvs
1091 1199 1176 1243 ranr.
1200 1174 1266 1243 ele-

148 1294 262 1379 ganter
283 1286 344 1353 sub
366 1283 497 1353 Nerone
519 1286 605 1355 urbis
627 1289 861 1378 praefecturam
882 1289 1017 1355 iacuisse
1040 1287 1124 1355 dicit

234 1397 286 1463 79.
322 1418 503 1464 rnrnarnss
524 1420 645 1466 asara.
681 1400 758 1467 iuris
781 1400 901 1489 peritus
922 1400 989 1479 luit,
1011 1406 1047 1466 ut
1068 1398 1266 1490 praelectum

146 1508 306 1579 andeins
330 1504 553 1599 Pegasianum.
637 1506 725 1600 quod
745 1508 821 1575 iuris
843 1510 963 1599 peritus
986 1509 1097 1576 luerat.
1278 1530 1306 1573 ro

230 1617 283 1683 80.
323 1639 538 1685 rsuroarsrs.
576 1618 732 1710 interpres
760 1640 954 1710 quamquam
982 1620 1129 1711 optimus,
1158 1627 1266 1689 tamen

150 1750 210 1819 pro
233 1735 379 1819 tempore
402 1729 508 1794 omnia
530 1729 645 1796 iniuste
668 1730 791 1823 agenda
814 1728 974 1797 credebat.

236 1840 289 1908 81.
326 1862 487 1907 rrovnmn
517 1862 627 1907 ιιιτιιι.
664 1837 816 1907 Lucanus
845 1837 936 1928 [Vlll,
954 1840 1046 1928 476];
1078 1836 1266 1935 ‘fractisque

148 1948 326 2019 modestior
341 1945 449 2019 annis?
474 1949 616 2039 Crispus,
639 1952 805 2043 municeps
820 1948 1027 2035 Viselliensis,
1043 1953 1187 2021 tirocinio
1203 1974 1263 2021 suo

148 2060 186 2129 in
206 2068 320 2128 senatu
340 2063 384 2127 ita
407 2060 529 2152 coepit:
547 2055 669 2150 ‘patres
684 2062 856 2151 conscripti
872 2071 904 2127 et
921 2071 955 2129 tu
970 2058 1108 2131 Caesar?
1132 2070 1263 2155 propter
1276 2081 1302 2125 ιι

149 2170 238 2262 quod
260 2170 406 2239 simulata
421 2173 564 2239 oratione
578 2170 760 2261 plenissime
776 2196 795 2239 a
811 2170 939 2240 Tiberio
955 2172 1165 2243 conlaudatus
1177 2172 1263 2263 [estl.

145 2419 176 2473 3.
195 2407 267 2485 ‘fait
282 2422 310 2472 et
320 2420 453 2491 Pepasas
473 2414 625 2473 trierarchi
637 2411 716 2486 tilius
736 2416 815 2472 cuim
833 2416 918 2471 rrauis
934 2430 1036 2489 popam
1052 2422 1265 2473 rrroaumeatam

146 2486 276 2567 arrepta?
293 2496 326 2549 V.
386 2513 423 2551 ex
437 2495 540 2569 quibus
550 2495 608 2549 PS.
620 2510 691 2551 eorr-
702 2512 732 2567 p.
792 2493 909 2568 parasia
925 2494 983 2549 PS.
1003 2510 1075 2549 corr.
1087 2492 1215 2567 Scaliper
1228 2492 1266 2550 ad

146 2567 252 2627 Eunai.
262 2589 291 2645 p.
299 2570 346 2627 m.
368 2570 535 2628 Salrrtasins
544 2587 650 2627 exeras.
662 2568 737 2625 Ptin.
749 2588 777 2643 p.
788 2572 854 2627 403.
928 2573 955 2624 a.
978 2568 1137 2646 prol'uisset
1147 2602 1185 2611 —-
1197 2588 1266 2626 cura

148 2646 210 2702 ΡΒ.
232 2663 303 2703 corr.
314 2666 343 2723 p.
403 2651 431 2705 7.
449 2648 560 2703 scilicet
572 2648 616 2703 ius
628 2648 686 2704 ΡΒ.
703 2664 777 2704 oorr.
788 2666 817 2722 p.
877 2650 904 2704 a.
915 2638 1058 2719 ‘Pepasas
1069 2648 1142 2703 iaris
1154 2650 1266 2722 peritate

146 2729 217 2783 tarta
228 2722 294 2781 urbi
303 2723 466 2801 praefectam
476 2723 550 2781 unde
560 2714 919 2798 cormariacensem?
931 2726 964 2780 V.
976 2721 1228 2781 sarmationem.
1240 2740 1265 2785 a.

147 2804 199 2859 10.
219 2800 297 2875 quod
308 2835 345 2841 —
356 2803 451 2859 suerat
463 2807 528 2877 post
539 2799 648 2857 scilicet
662 2801 705 2857 ius
716 2806 829 2875 ponant
842 2801 900 2857 ΡΒ.
976 2805 1023 2857 11.
1041 2808 1100 2856 tarn
1114 2802 1172 2857 PS.
1190 2818 1265 2859 corr.

149 2877 183 2935 G.
201 2876 301 2935 Baetis.
390 2882 435 2936 12.
457 2896 528 2955 prae
539 2880 597 2935 ΡΒ.
619 2894 694 2936 oorr.
704 2896 733 2953 p.
754 2878 885 2953 improbo
897 2876 943 2933 ael
956 2878 1044 2955 impio
1067 2878 1097 2935 0.
1114 2877 1215 2935 Bartb.

146 2955 225 3013 iuste
237 2954 268 3013 0.
282 2954 382 3013 Bartlo.
404 2956 499 3013 initias
513 2957 684 3013 Heaaiaiua.
744 2956 791 3012 14.
806 2948 922 3011 ‘Vibius
940 2955 1058 3031 Crispas
1068 2954 1265 3023 Placentinus,

146 3036 183 3087 at
201 3033 297 3107 inquit
317 3031 441 3101 Probus,
468 3050 518 3088 aar
539 3050 581 3088 me
599 3032 738 3108 praeterit
758 3030 832 3107 quod
854 3034 972 3088 'l'acitus
990 3030 1101 3103 scribit,
1127 3038 1153 3087 et
1177 3050 1264 3089 mana

144 3115 346 3185 promptuari
366 3108 468 3182 liapna
486 3106 539 3165 aab
563 3106 686 3166 claudio
706 3115 734 3164 et
755 3106 935 3165 consulatum
954 3106 1077 3184 adeptas
1104 3112 1145 3166 ita
1169 3107 1265 3167 mode-

145 3187 209 3245 aaa
226 3185 352 3245 stadium
373 3185 479 3244 arnadi
501 3188 669 3260 temperarit
688 3192 719 3242 at
739 3203 865 3243 anserem
881 3187 912 3241 ia
931 3204 962 3242 ae
976 3188 1136 3261 principum
1152 3203 1265 3261 prouo-

146 3268 239 3319 caret.
260 3260 333 3320 idem
352 3269 493 3339 postremo
513 3265 629 3319 anamais
648 3261 786 3337 plurimis
796 3259 863 3333 {iliis
877 3260 912 3318 ab
924 3280 1015 3319 auaro
1025 3265 1163 3336 spumosa,
1177 3280 1262 3337 paam

145 3336 261 3411 formae
278 3343 376 3413 pratia
395 3338 528 3407 dancrat,
550 3356 652 3395 raeaerro
673 3345 791 3395 necatas
812 3344 863 3394 est.
888 3338 934 3395 laic
953 3342 1019 3395 item
1040 3340 1160 3412 Crispus
1183 3336 1262 3409 ’Πιμ-

147 3415 258 3472 beriam
280 3417 429 3475 Gaesarem
447 3434 498 3491 per
516 3415 607 3489 Alpes
626 3418 680 3472 iter
698 3414 853 3487 facientem
873 3413 1037 3473 adolescens
1057 3422 1222 3473 reputasset
1237 3423 1264 3472 et

147 3490 233 3551 aaut
252 3492 386 3551 andieata
406 3492 441 3550 ab
461 3491 554 3550 eodem
574 3495 770 3566 interropatus
789 3490 940 3548 laboratae
958 3494 1058 3566 stupri
1078 3490 1264 3550 consuetudi·

147 3586 217 3629 arear
236 3570 380 3645 respondit
400 3575 495 3627 caute:
515 3568 647 3636 aorrdam,
669 3575 702 3624 at
721 3586 750 3624 se
771 3566 914 3625 libidinem
934 3576 1048 3626 mirarer
1075 3575 1102 3625 et
1123 3588 1158 3625 ae
1177 3571 1262 3647 pria·

148 3648 225 3720 cipis
244 3646 389 3705 libidinosi
408 3664 494 3705 aurea
514 3638 685 3720 offenderet]
710 3648 744 3702 1⁷.
864 3648 896 3703 la
917 3644 1024 3703 sebolio
1046 3645 1263 3718 conformasse

149 3721 266 3781 Vibium
288 3726 415 3800 crispam
435 3730 523 3798 atque
544 3726 672 3798 Crispum
683 3725 856 3779 Passienum
875 3725 986 3779 monuit
999 3725 1120 3798 Lipsius
1140 3741 1263 3781 eaorrrsa

147 3798 189 3859 ad
211 3802 305 3858 'l'aeiti
324 3820 393 3859 aaa.
410 3804 484 3867 ΧΠ,
494 3804 521 3855 6.
543 3800 615 3857 idern
635 3798 669 3855 de
690 3802 727 3856 iis
748 3798 834 3867 ualet,
854 3818 925 3874 puae
944 3816 980 3857 ea
999 3798 1093 3858 Prubo
1113 3799 1204 3871 refert
1229 3803 1264 3859 V.

147 3875 252 3953 quodsi
270 3875 306 3934 ab
325 3876 380 3935 boe
400 3895 496 3936 errore
516 3874 647 3944 dinariis,
667 3878 796 3950 apropias
816 3876 962 3933 doctrinae
980 3876 1115 3953 relirprias
1135 3876 1181 3933 bio
1200 3894 1262 3933 aer-

145 3960 240 4013 uataa
258 3973 319 4013 ease
338 3962 470 4031 apparet,
491 3956 572 4011 caim
591 3953 703 4026 fontem
716 3954 849 4012 Suetonii
868 3951 971 4010 libram
991 3951 1023 4011 de
1042 3956 1115 4011 uiris
1134 3952 1264 4011 illustri-

147 4029 202 4089 bao
221 4030 363 4108 appellare
381 4051 439 4091 aaa
459 4028 566 4089 diabilo.
676 4030 871 4087 vercellensis
891 4050 919 4104 p.
939 4030 1117 4088 viretliensis
1138 4036 1188 4087 aut
1208 4030 1261 4089 vi·

146 4108 295 4167 calliensis
315 4110 447 4186 Lipsius.
541 4110 588 4165 16.
610 4107 695 4165 simul
716 4108 846 4167 oratione
866 4108 924 4165 PS.
950 4106 1132 4166 simulatione
1151 4126 1180 4185 p.

145 4186 236 4245 sirnul
256 4186 417 4246 orationem
436 4185 567 4265 lipsiae.
