3025 4859
253 294 332 375 224
638 308 977 371 scnonrsvurnm.

253 478 407 574 plurimas
427 489 540 575 sponte
562 506 676 552 causas
699 482 784 575 apud
808 480 845 551 C.
867 476 909 549 V.
933 479 1006 573 egit,
1035 500 1094 570 pro
1117 500 1180 571 qua
1202 500 1238 547 re
1259 477 1292 545 in
1312 472 1371 544 ba·

255 592 344 661 silica
372 590 448 661 lulia
483 593 550 660 eius
578 604 681 663 statua
711 597 814 688 posita
843 602 899 660 est
938 588 1123 660 consulatus
1152 590 1233 658 duos
1260 586 1369 681 gessit.

254 725 373 771 rrxores
395 701 505 770 babuit
527 704 615 785 duas,
645 704 781 797 primam
802 702 988 783 Domitiam,
1017 702 1130 770 deinde
1150 700 1369 794 Agrippinam,

252 813 340 882 illam
361 816 498 895 amitam,
525 814 607 883 hanc
635 824 770 884 matrem
792 812 931 883 Neronis
952 812 1111 881 Caesaris.
1149 812 1293 905 possedit
1320 808 1369 877 bis

113 920 122 931 “
217 940 230 981 ⁵
256 924 358 993 milies
385 926 540 993 sestertia.
583 929 726 994 omnium
748 927 928 1019 principum
955 926 1090 1017 gratiam
1118 922 1280 1014 adpetiuit,
1311 919 1368 988 sed

254 1037 426 1128 praecipue
448 1035 515 1125 [C]
532 1036 690 1117 Caesaris,
712 1060 809 1129 quem
831 1037 891 1103 iter
912 1037 1080 1103 facientem
1103 1042 1233 1101 secutus
1248 1041 1298 1100 est
1313 1054 1370 1123 pe·

255 1144 356 1213 dibus.
385 1144 436 1212 lric
463 1144 551 1213 nullo
575 1148 722 1215 audiente
744 1171 762 1214 a
785 1144 917 1215 Nerone
943 1148 1167 1238 interrogatus,
1195 1143 1369 1211 haberetne

255 1257 433 1348 sicutipse
460 1278 535 1323 cum
561 1278 671 1326 sorore
703 1280 854 1351 germana
887 1255 1166 1337 consuetudinem,
1196 1247 1366 1321 ‘nondum'

257 1364 366 1458 inquit,
389 1369 593 1459 quantumuis
615 1369 767 1436 decenter
790 1378 822 1435 et
844 1376 946 1449 caute,
968 1390 1009 1435 ne
1030 1374 1086 1434 aut
1107 1374 1279 1459 negantem
1295 1386 1369 1431 eum

220 1485 421 1570 margueret,
452 1486 508 1547 aut
532 1477 761 1548 adsentientem
788 1480 914 1547 sibimet
940 1476 1106 1545 mendacio
1137 1474 1369 1566 debopestaret.

258 1589 352 1679 periit
373 1612 430 1681 per
451 1591 596 1658 fraudem
619 1592 821 1685 Agrippinae,
842 1610 939 1683 quam
959 1588 1111 1657 heredem
1133 1587 1314 1679 reliquerat,
1336 1592 1369 1653 et

258 1699 370 1768 lunera
392 1698 520 1792 publico
544 1700 645 1769 elatus
668 1712 726 1769 est

342 1811 395 1877 85.
428 1834 588 1880 sevicmu.
621 1814 646 1879 si
668 1812 781 1882 liceret
801 1811 1021 1881 crudelitatem
1043 1812 1203 1893 damnare,
1226 1809 1279 1879 cui
1299 1828 1368 1876 ma·

258 1921 308 2013 gis
329 1921 441 1989 liceret
462 1944 559 2013 quam
580 1920 680 1989 huic?
765 1947 808 1992 nr
829 1946 1003 1993 nouusrvn
1026 1946 1173 1992 aursana
1196 1944 1226 1990 r..

222 2045 248 2087 ¹⁵
344 2034 397 2100 87.
428 2056 497 2101 cvu
518 2056 581 2111 ovo
603 2058 646 2102 ne
667 2057 805 2103 rovvus.
829 2058 903 2104 cunr
925 2058 989 2127 quo
1013 2043 1045 2101 et
1068 2034 1109 2102 de
1130 2032 1226 2102 rebus
1248 2028 1369 2101 lribolis

257 2151 292 2211 et
312 2142 475 2214 usualibus
497 2143 664 2237 loquentes
686 2144 893 2213 uehementer
914 2143 1076 2214 timebant.

341 2254 394 2320 89.
431 2277 571 2325 anaema
596 2279 733 2326 courel.
771 2256 801 2325 id
824 2266 882 2341 est,
904 2280 1066 2351 nunquam
1089 2254 1247 2325 uoluntati
1266 2253 1368 2323 bonae

256 2362 395 2435 Neronia
417 2366 546 2435 obstitit.

341 2478 393 2546 90.
431 2500 630 2549 ronneurau
651 2500 716 2549 neo
738 2502 821 2551 civis
843 2502 939 2549 naar.
977 2488 1033 2549 aut
1053 2479 1122 2574 ipse
1145 2477 1289 2573 Crispus,
1316 2481 1369 2544 aut

218 2591 463 2686 roquicumque.

342 2704 395 2768 91.
424 2722 529 2769 venas
551 2724 642 2770 nurm
662 2724 841 2771 enorennu.
863 2726 957 2771 nemo
974 2701 1077 2795 potuit
1090 2698 1189 2769 libere
1204 2700 1293 2793 loqui
1311 2696 1367 2766 sub

257 2810 323 2882 illo.
344 2821 381 2881 ut
393 2809 547 2906 Virgilius
563 2814 626 2905 [ge.
635 2810 696 2894 llll,
707 2815 801 2904 238]:
818 2808 1018 2906 ‘animasque
1033 2814 1065 2881 in
1080 2810 1212 2880 uulnera
1227 2801 1367 2903 ponunt.³

345 2923 397 2989 92.
434 2945 483 2989 aro
508 2944 648 2991 uvnras.
686 2925 732 2993 sic
765 2924 797 2993 in
828 2925 894 2993 uita
923 2923 978 2993 diu
1005 2921 1205 3017 multumque
1234 2920 1367 3001 durauit,

259 3030 336 3101 dum
357 3033 537 3123 praeceptis
559 3031 706 3103 Caesaris
727 3042 827 3126 paret.

230 3162 262 3235 aa
347 3142 398 3209 94.
420 3162 586 3212 enoxruvs
610 3144 783 3237 [durensi
811 3144 923 3215 consul
946 3144 1004 3213 sub
1026 3142 1211 3213 Domitiano
1233 3142 1301 3223 luit,
1322 3140 1369 3209 in·

259 3250 373 3347 dignus
395 3253 461 3347 pati
491 3278 574 3349 (prae
595 3280 709 3351 passus
731 3262 789 3324 est.
821 3254 915 3325 huius
937 3278 1011 3325 cum
1032 3256 1181 3324 iuuenem
1201 3250 1291 3323 Nero
1314 3274 1368 3320 oc·

259 3472 288 3531 5.
309 3470 388 3530 mille
408 3475 466 3531 Pa.
478 3492 550 3534 sorr.
561 3493 592 3551 p.
680 3477 708 3533 6.
731 3475 766 3533 C.
788 3472 996 3550 uddLiprinr.
1112 3476 1142 3533 7.
1162 3473 1212 3530 illo
1233 3470 1368 3531 audiente

259 3548 392 3624 Lipsius.
470 3556 500 3611 9.
521 3570 632 3628 negans
652 3570 681 3628 p.
703 3552 837 3628 negando
859 3555 989 3629 Lipsius.
1069 3554 1115 3609 10.
1137 3550 1305 3609 adsentiens
1319 3565 1368 3605 ae-
1480 3608 1481 3611 ,

259 3634 316 3682 met
328 3644 357 3702 p.
379 3626 570 3686 adsentiendo
586 3640 677 3687 semet
686 3632 816 3705 Lipsius.
832 3628 1039 3687 adsentientem
1054 3628 1107 3685 sibi
1125 3640 1214 3685 semet
1229 3626 1368 3685 Dorlounr
1480 3630 1481 3669 t

259 3700 298 3758 od
322 3705 418 3761 Tacit.
434 3723 462 3780 p.
477 3708 542 3763 675.
680 3712 727 3764 13.
749 3720 897 3764 serrorum
908 3737 946 3748 —
959 3724 987 3763 a.
1008 3724 1099 3783 supro
1115 3704 1163 3761 l.3
1181 3711 1247 3780 port
1264 3704 1367 3783 Agrip·

258 3778 355 3856 pinam
373 3783 529 3856 interponit
548 3784 580 3841 S.
612 3800 866 3841 serrorum-rr
886 3802 939 3841 om.
954 3786 988 3841 P.
1084 3785 1131 3840 17.
1153 3782 1292 3839 uoluntati
1313 3782 1366 3837 im·

259 3857 401 3933 paratoria
419 3876 444 3915 a.
465 3865 497 3915 nt
513 3859 602 3917 nolent
619 3859 729 3918 robolin
742 3878 802 3917 sona
825 3879 855 3919 ar
868 3862 1009 3917 Naronem
1024 3862 1199 3936 ineptiarirno
1213 3856 1366 3915 intrudere.

258 3934 351 3991 bonae
371 3954 442 3993 cona
456 3943 627 4012 comptum.
724 3942 772 3995 23.
794 3878 907 3995 durabit
927 3940 986 3995 ΡΒ.
1000 3956 1072 3995 corr.
1092 3954 1117 3993 o.
1204 3939 1250 3992 26.
1267 3930 1368 3992 ‘buius

260 4026 328 4067 cunr·
352 4010 445 4084 filiurn
471 4016 635 4071 Domitium
662 4017 848 4072 Domitianos
872 4014 1021 4072 occidisset
1047 4016 1143 4090 ipsunt
1167 4011 1292 4071 Aciliam
1314 4027 1367 4087 quo

256 4104 363 4162 pornoo
381 4092 501 4147 sentiret
518 4093 650 4147 seruauit
668 4090 852 4165 ineolumem,
873 4094 922 4167 qui
944 4098 977 4149 nt
996 4096 1057 4151 etur
1071 4094 1208 4150 uirtutem
1223 4107 1254 4149 re
1273 4104 1370 4147 onore

256 4158 375 4241 meret
387 4184 419 4224 ro
434 4184 535 4227 onore
548 4166 647 4227 rtadin
663 4162 839 4228 simulabat.²
864 4170 897 4227 V.
