3025 4859
591 385 737 441 SATVRA
753 385 790 439 X.

139 552 272 647 prouida
293 550 447 645 Pompeio
469 553 602 621 dederat
625 552 800 645 Campania
823 551 929 620 febres

140 663 303 755 optandas,
325 662 381 729 sed
405 662 523 731 multae
545 664 641 732 urbes
663 673 696 731 et
717 662 844 755 publica
864 668 942 729 uota

138 775 292 853 uicerunt,
313 775 407 866 igitur
430 776 555 842 fortuna
576 773 674 866 ipsius
697 784 729 841 et
750 773 838 840 urbis

139 892 300 951 seruatum
321 886 407 951 uicto
430 894 527 977 caput
547 883 684 951 abstulit.
718 884 782 952 hoc
804 884 947 950 cruciatu

137 991 302 1075 Lentulus,
323 993 384 1062 hac
408 1016 510 1086 poena
532 997 632 1062 caruit
654 996 832 1086 ceciditque
855 990 1019 1083 Cethegus

137 1106 269 1198 integer,
293 1113 326 1171 et
346 1107 442 1173 iacuit
464 1103 598 1173 Catilina
620 1105 778 1174 cadauere
800 1113 880 1171 toto.

224 1215 374 1284 Formam
396 1225 485 1308 optat
506 1217 631 1285 modico
655 1219 772 1307 pueris,
794 1216 913 1283 maiore
935 1211 1050 1307 puellis

136 1350 308 1407 murmure,
333 1350 407 1395 cum
429 1326 564 1395 Veneris
586 1328 694 1395 lanum
716 1326 803 1393 uidet
823 1329 917 1393 anxia
940 1334 1051 1405 mater,

137 1461 238 1529 usque
261 1437 301 1504 ad
323 1436 451 1504 delicias
473 1446 633 1505 uotorum.
662 1434 749 1506 “cur
772 1432 907 1517 tamen‚''
930 1436 1039 1526 inquit,

130 1542 333 1640 “corripias‘?
359 1547 492 1639 pulchra
515 1548 634 1641 gaudet
655 1546 780 1614 Latona
800 1540 935 1613 Diana.”

138 1659 195 1728 sed
218 1667 307 1727 uetat
327 1661 429 1751 optari
451 1661 564 1727 laciem
587 1657 735 1726 Lucretia
758 1655 885 1748 qualem

134 1771 203 1861 ipsa
227 1768 346 1849 habuit,
369 1778 500 1860 cuperet
521 1768 645 1837 Rutilae
669 1768 818 1861 Verginia
840 1765 972 1860 gibbum

135 1882 284 1973 accipere
305 1879 409 1971 adque
431 1902 522 1945 suam
544 1878 670 1947 Rutilae
694 1880 780 1947 dare.
811 1877 893 1945 filius
916 1886 1024 1945 autem

136 1992 281 2083 corporis
305 1991 424 2082 egregii
447 1991 578 2057 miseros
601 1991 805 2082 trepidosque
827 1997 976 2080 parentes

135 2124 265 2194 semper
286 2098 390 2167 habet
414 2122 483 2167 rara
507 2110 556 2168 est
577 2101 656 2168 adeo
680 2099 849 2167 concordia
872 2099 994 2165 formae

136 2219 232 2303 atque
257 2210 436 2301 pudicitiae.
469 2219 596 2279 sanctos
617 2210 693 2279 licet
714 2209 840 2279 horrida
861 2232 969 2277 mores

135 2320 301 2389 tradiderit
323 2320 437 2387 domus
459 2344 497 2388 ac
520 2330 645 2388 ueteres
668 2322 788 2388 inritata
811 2318 957 2401 Sabinos,

136 2440 305 2524 praeterea
326 2440 450 2499 castum
472 2433 633 2525 ingenium
656 2430 843 2523 uultumque
863 2431 1011 2498 modesto

136 2541 292 2635 sanguine
314 2542 490 2609 [eruentem
513 2540 628 2608 tribuat
650 2548 762 2607 natura
784 2539 921 2633 benigna

136 2652 226 2745 larga
251 2673 347 2719 manu
369 2690 411 2701 -
433 2652 509 2743 quid
533 2653 616 2719 enim
638 2673 737 2742 puero
761 2652 905 2718 conferre
927 2660 1033 2743 potest
1053 2650 1126 2744 plus

137 2762 273 2832 custode
297 2769 328 2829 et
350 2784 427 2829 cura
448 2770 562 2829 natura
582 2762 743 2853 potentior
765 2760 878 2828 omni?
899 2802 941 2817 -

137 2897 201 2943 non
223 2872 302 2939 licet
325 2893 396 2938 esse
418 2872 504 2953 uiro;
527 2895 600 2939 narn
623 2870 754 2965 prodiga
778 2874 972 2964 corruptoris

136 2982 325 3077 improbitas
346 2981 434 3073 ipsos
456 2980 551 3049 audet
572 2990 728 3076 temptare
750 2992 907 3075 parentes.

138 3103 224 3162 tanta
250 3094 281 3160 in
304 3090 487 3159 muneribus
510 3090 633 3161 fiducia.
668 3092 774 3160 nullus
797 3092 957 3185 ephebum

139 3206 318 3274 deformem
341 3224 438 3270 saeua
461 3204 610 3269 eastrauit
632 3204 664 3269 in
686 3226 760 3271 arce
782 3212 945 3293 tyrannus,

138 3340 198 3385 nec
221 3322 458 3409 praetextatum
481 3314 585 3406 rapuit
606 3312 694 3382 Nero
716 3313 893 3406 loripedem
915 3337 976 3382 nec

139 3536 207 3595 28⁴.
229 3544 359 3591 moestae
379 3532 565 3591 Rubabentus
578 3531 616 3589 od
630 3532 697 3591 Vult.
709 3537 775 3591 Pet.
786 3538 828 3602 Π,
838 3537 885 3601 ts,
896 3538 923 3601 2,
944 3532 1042 3612 pullae
1062 3532 1203 3591 Herelius.
1268 3590 1271 3593 ,

130 3617 208 3672 ⁸287.
231 3610 400 3688 Chetbegus
420 3614 455 3668 Ρ.
524 3613 591 3669 288.
614 3609 739 3667 Catilina
758 3630 818 3687 ρωε
839 3610 975 3668 Catillina
996 3613 1030 3668 Ρ.
1094 3615 1161 3669 202.
1181 3630 1254 3669 eou-

142 3691 232 3781 ripias
253 3706 282 3763 p.
359 3692 428 3779 203.Ι
449 3688 555 3779 optari*
575 3689 609 3744 P.
693 3690 761 3746 294.
782 3688 918 3763 Verginia
936 3686 1022 3755 αοάςε
1043 3686 1255 3780 υίτςίηεεηΡΣ,

142 3764 605 3915 ltt''tltatalltllffis‘lan
619 3764 916 3900 {talitali
935 3768 1199 3912 oafftalfilfl}
1208 3768 1255 3902 ἕξ

144 3916 373 3978 sarsenates.
387 3922 469 3993 pso.
625 3922 692 3975 300.
714 3918 845 3976 modesto
865 3922 922 3995 1³9:
941 3918 1101 3975 modestum
1121 3936 1177 3993 pro.

145 4000 211 4054 301.
232 3996 372 4071 sanguine
391 4012 450 4069 pru:
471 3996 638 4070 sanguinem
660 3998 717 4053 ΡΒ.
776 3999 844 4055 303.
864 3995 997 4053 custode.
1016 3999 1051 4053 P.
1111 3998 1177 4053 304.
1194 3996 1257 4053 uiro

147 4075 275 4131 correxi:
296 4073 373 4129 uiros
393 4070 497 4147 Ptopg,
529 4074 597 4128 uiris
617 4070 694 4144 adsto
723 4075 762 4131 N.
778 4070 1134 4131 Heinsiusodllttid.bsr.
1150 4074 1258 4141 xltrl,

149 4154 215 4208 104.
313 4152 380 4207 305.
403 4150 561 4227 inprobitas
580 4147 649 4221 f..
723 4158 864 4230 temptare
883 4148 949 4226 Psy.
1059 4152 1127 4207 306.
1147 4167 1164 4206 e
1186 4148 1260 4208 lroe-

149 4228 216 4285 bum
237 4231 271 4287 Ρ.
349 4229 416 4285 307.
438 4244 508 4285 seua
528 4228 562 4283 P.
647 4244 725 4285 arcae
745 4230 781 4286 P.
859 4231 926 4287 308.
948 4226 1110 4305 loripedem
1131 4168 1241 4300 uelfc.
