3025 4859
271 412 346 488 122
647 422 683 477 u.
702 418 792 475 rann
807 418 1004 475 rvvsnssrs

269 593 432 665 noscenda
454 600 503 660 est
525 614 673 659 mensura
696 592 745 657 sui
768 588 1005 680 spectandaque
1026 584 1124 655 rebus

268 708 300 775 in
323 707 455 775 summis
477 704 686 793 minimisque,
709 702 901 769 etiamnum
922 699 1018 791 piscis
1040 704 1173 777 emetur,

268 840 310 885 ne
332 816 466 885 mulium
489 816 607 907 cupias,
630 834 704 879 cum
727 812 768 877 sit
788 809 844 877 tibi
865 809 962 901 gabin
984 817 1108 877 tantum

267 928 300 995 in
322 925 444 995 iaculis.
478 926 548 1017 quis
571 925 654 993 enirn
677 930 718 1005 te,
741 921 907 989 deficiente
929 920 1034 988 culina

270 1046 302 1107 et
323 1044 488 1106 crescente
510 1035 594 1129 gula,
617 1041 725 1102 manet
747 1034 861 1112 exitus,
883 1054 957 1099 aere
979 1039 1113 1122 paterna

268 1172 306 1217 ac
328 1149 423 1218 rebus
446 1148 557 1216 mersis
579 1147 610 1213 in
633 1152 780 1213 uentrem
802 1142 920 1211 fenoris
941 1150 1046 1234 atque·

267 1261 389 1352 argenti
411 1260 518 1352 grauis
541 1266 573 1326 et
595 1278 746 1348 pecorum
770 1276 985 1347 agrorumque
1006 1248 1181 1344 capacem?

268 1369 383 1437 talibus
405 1394 424 1437 a
447 1368 581 1436 dominis
603 1376 676 1459 past
698 1375 813 1434 cuncta
834 1365 1026 1433 nouissimus
1047 1364 1114 1430 exit

267 1480 389 1562 anulus,
414 1490 446 1547 et
468 1480 565 1571 digito
588 1476 747 1545 mendicat
767 1474 870 1545 Pollio
893 1476 989 1543 nuda.

266 1614 331 1659 nan
352 1591 544 1683 praematuri
567 1589 698 1669 cineres,
721 1610 781 1655 nec
805 1589 899 1655 funus
920 1584 1072 1653 acerbum

266 1702 419 1782 luxuriae,
442 1702 499 1769 sed
522 1710 624 1767 morta
647 1699 748 1790 magis
772 1697 941 1765 metuenda
961 1702 1121 1763 senectus.

265 1810 298 1879 hi
319 1810 507 1904 plerumque
528 1810 655 1903 gradus.
679 1809 837 1877 conducta
859 1808 994 1900 pecunia
1015 1802 1140 1873 Romae

266 1932 299 1992 et
321 1912 430 1992 coram
452 1922 586 1989 dominis
609 1921 818 2003 consumitur3
841 1920 914 1988 inde
937 1916 991 1985 ubi
1012 1916 1143 2010 paulum

264 2034 373 2101 nescia
396 2032 471 2124 quid
493 2038 639 2124 superest
662 2039 694 2097 et
715 2029 814 2122 pallet
835 2031 951 2097 fenoris
973 2038 1094 2111 auctor,

266 2146 319 2234 qui
344 2151 469 2211 uertere
491 2140 604 2221 salum,
628 2139 723 2207 Baias
746 2141 841 2208 etad
863 2150 969 2209 astrea
990 2148 1130 2208 canant

266 2253 381 2322 cedere
402 2274 540 2344 namque
562 2255 631 2319 iarn
653 2253 717 2319 ism
739 2274 804 2318 nan
826 2259 875 2317 est
896 2251 1035 2319 deterius
1056 2274 1152 2344 quam

265 2362 424 2455 Esquilias
446 2385 464 2429 a
487 2364 621 2431 feruenti
644 2364 781 2455 migrare
802 2360 939 2428 Subura.

264 2472 318 2541 ille
340 2470 430 2541 dulor
452 2472 539 2540 salus
563 2473 696 2563 patriam
719 2471 919 2565 fugientibus,
940 2470 994 2538 illa

265 2583 420 2651 maestitia
444 2592 502 2665 est,
525 2584 663 2651 caruisse
687 2606 770 2650 anna
793 2582 986 2651 circensibus
1008 2607 1083 2652 una.

264 2694 424 2787 sanguinis
446 2695 478 2760 in
500 2694 580 2760 facie
602 2717 665 2763 nan
687 2694 799 2761 haeret
819 2702 919 2787 gutta,
941 2704 1105 2764 morantur

263 2806 357 2897 pauci
380 2803 547 2871 ridiculum
569 2813 602 2871 et
624 2806 798 2897 fugientem
820 2827 863 2870 ex
882 2803 960 2871 urbe
982 2805 1146 2895 pudorem.

347 2912 523 3004 Experiere
543 2914 647 2996 hodie,
669 2916 824 3007 numquid
846 2913 1056 3005 pulcherrima
1078 2916 1174 3002 dictu,

263 3022 402 3104 Persice,
424 3047 488 3091 nan
510 3032 669 3115 praestem
691 3028 756 3092 uita
777 3049 839 3093 nec
860 3025 1002 3094 maribus
1022 3037 1057 3095 et
1077 3051 1123 3109 re,

264 3135 291 3201 si
311 3134 438 3202 laudem
462 3135 590 3228 siliquas
614 3136 759 3205 occultus
781 3158 894 3230 ganea,
916 3136 1021 3229 pultes

261 3404 309 3463 35.
330 3422 383 3461 saa
402 3420 430 3479 p,
451 3422 521 3463 suae
542 3420 570 3475 ς,
591 3411 657 3461 tune
678 3421 705 3472 ς.
794 3408 841 3465 37.
862 3424 899 3465 ne
918 3405 1013 3481 Psfp:
1033 3424 1087 3464 nec
1107 3425 1142 3465 ω.
1229 3412 1277 3469 38.
1297 3412 1373 3471 euim

261 3490 290 3540 te
311 3480 462 3539 deficiente
482 3500 542 3558 pra:
563 3482 637 3537 enim
659 3480 811 3540 deficiente
831 3487 859 3541 P
877 3482 938 3541 aad.
950 3486 1139 3542 Monacensis
1148 3486 1215 3545 408.
1320 3509 1372 3546 eu-

261 3558 321 3615 lina
341 3556 387 3633 [με
408 3559 510 3615 emina
531 3560 566 3627 Ρ,
586 3560 714 3617 crumina
733 3558 780 3633 pt,
801 3578 935 3619 crumena
956 3579 990 3617 ω.
1099 3566 1207 3639 39sqq.
1229 3567 1372 3625 Priscian.

265 3638 317 3707 Vr,
330 3638 377 3703 17,
389 3638 426 3729 89
436 3639 545 3713 p.721=
564 3626 728 3727 ‘Excipitur
737 3637 822 3693 senus
833 3637 952 3695 seueris.
964 3637 1118 3697 quenalis
1127 3642 1159 3697 in
1168 3644 1250 3701 mn
1264 3660 1371 3702 aere-

260 3729 504 3867 iiiiiiiininuri
523 3713 1000 3869 pwiffpinaeiirnaisuaihiiiriiiimatar
1019 3718 1091 3850 Sis·
1112 3716 1216 3854 miii
1233 3718 1370 3857 grisiis&

261 3865 336 3925 not.
348 3867 500 3943 Stspisani.
616 3878 713 3925 ostrea
733 3866 780 3943 sp:
800 3868 915 3927 irastrea
934 3888 989 3945 par,
1009 3869 1118 3928 hostria
1138 3874 1172 3943 P,
1193 3874 1268 3930 ostia
1287 3872 1333 3941 te.

260 3948 309 4002 50.
330 3944 453 4003 caedere
464 3942 510 4015 ss.
590 3942 627 4001 54
636 3962 680 4019 sq.
695 3948 1031 4025 morantur-pudorem
1044 3950 1187 4008 Priscian.
1202 3952 1286 4020 ΠΗ,
1296 3953 1323 4021 4,
1333 3956 1370 4009 23

259 4038 289 4097 p.
297 4024 365 4081 795.
444 4030 474 4079 et
492 4020 649 4095 fugientem
667 4038 706 4096 ρς
718 4024 875 4081 Priscian:
895 4022 1079 4099 effragientem
1095 4029 1157 4095 Par,
1176 4026 1334 4103 fugientem
1343 4044 1370 4097 ς.

260 4102 307 4157 57.
328 4118 384 4157 nec
404 4098 493 4174 cripe:
513 4126 549 4151 m
569 4100 604 4167 P,
626 4099 671 4156 uel
691 4118 753 4175 pm,
773 4119 824 4158 seu
845 4118 872 4169 ς.
899 4112 1053 4179 praestem,
1079 4103 1209 4172 incitate,
1235 4117 1265 4163 et
1283 4106 1370 4165 mari·

259 4177 313 4233 bas
339 4172 558 4249 Sataratteiscts.
686 4180 733 4237 58.
754 4179 780 4234 si
800 4180 823 4235 S
841 4178 902 4237 cart.
913 4182 1098 4239 Monacensis
1108 4182 1181 4240 408:
1199 4182 1253 4240 sed
1271 4188 1333 4244 Ρω.

260 4269 353 4329 ganea
373 4271 435 4330 pra:
455 4271 546 4314 caneo
566 4250 614 4323 Ps.
1303 4302 1310 4311 .
