3025 4859
605 339 830 398 sarrmnn
1204 323 1278 405 221

242 503 296 573 60.
331 526 396 575 nou
417 528 619 576 nrarrarvm
641 532 834 579 rvorrrvvu.
884 508 947 579 hoc
978 508 1134 590 dicerent,
1164 509 1278 601 inquit,

160 614 407 687 calumniatores
441 616 495 685 uel
527 618 703 689 delatores:
736 617 803 689 ‘hic
840 620 911 689 talis
943 621 1038 713 piscis
1074 621 1115 689 de
1152 623 1274 689 uiuario

159 724 310 796 Caesaris
337 728 464 822 elapsus
492 739 555 812 est,
584 740 617 800 et
642 734 716 824 quia
742 732 785 799 ibi
813 740 923 824 pastus
951 740 1008 812 est,
1035 732 1151 802 eodem
1179 732 1276 801 debet

159 835 295 907 reuerti?

246 951 298 1017 53.
332 975 361 1019 ει
383 974 461 1030 ovar
482 950 656 1023 Pnnrvnro.
684 951 842 1022 Paliurius
864 954 957 1039 Sura,
981 954 1155 1025 consularis
1178 953 1297 1036 lilius,⁵

160 1060 222 1129 sub
243 1060 373 1131 Nerone
394 1062 534 1132 luctatus
556 1072 614 1133 est.
634 1073 708 1157 post
729 1064 801 1132 inde
823 1089 842 1133 a
864 1065 1062 1158 Vespasiano
1078 1075 1192 1135 senatu
1202 1088 1273 1135 mo-

160 1180 214 1239 tus
236 1174 379 1242 transicit
400 1176 441 1244 ad
462 1178 596 1244 stoicam
618 1184 750 1256 sectam,
779 1178 811 1244 in
838 1199 901 1269 qua
924 1200 998 1244 cum
1020 1176 1220 1267 praeualeret
1241 1184 1276 1245 et

160 1280 341 1373 eloquentia
369 1294 401 1355 ct
428 1288 504 1353 artis
531 1288 677 1379 poeticae
700 1285 810 1379 gloria,
833 1283 951 1354 abusus
974 1287 1181 1356 familiaritate
1202 1285 1275 1355 Do·

158 1391 279 1459 miliani
301 1394 504 1464 acerbissime
526 1407 633 1489 partes
655 1396 820 1465 delationis
843 1399 995 1466 exercuit.
1018 1398 1273 1489 quoiaterlecto‚

157 1512 272 1571 senatu
293 1516 465 1575 accusante
487 1508 654 1576 damnatus
678 1508 764 1597 [cst],
787 1531 861 1577 cum
874 1510 1005 1577 luissent
1017 1510 1098 1577 inter
1112 1508 1272 1577 delatores
1286 1522 1313 1563 ¹⁰

158 1622 307 1707 patentes
333 1616 418 1706 apud
443 1614 663 1686 Domitianum
692 1618 739 1699 hi,
766 1617 964 1701 Armillatus,
996 1617 1211 1688 Demostenes
1239 1628 1273 1687 et

157 1722 292 1795 hunus
313 1724 525 1811 archinimus,
547 1730 631 1797 sicut
651 1729 770 1799 illarius
793 1729 952 1801 Maximus
974 1729 1090 1799 scribit.
1146 1732 1271 1799 Asuu-

157 1857 256 1907 caro.
275 1837 404 1905 nomina
426 1836 612 1908 delatorum.
736 1845 745 1858 '

247 1950 301 2017 55.
329 1972 388 2019 ass
410 1973 492 2019 rrscr
513 1974 583 2018 ser.
606 1951 684 2020 lisco
707 1952 885 2021 donabitur.

245 2060 298 2129 56.
327 2084 529 2131 arcessar.
554 2062 640 2154 quod
663 2060 795 2130 distrahi
817 2086 880 2131 non
903 2072 1018 2155 potest.
1117 2084 1268 2133 censure
1283 2076 1309 2119 ¹⁵

158 2194 298 2243 carrus.
319 2171 434 2241 hieme.
456 2173 617 2265 corrumpi
633 2172 673 2241 ab
689 2183 781 2242 aestu
796 2194 859 2241 non
875 2182 1008 2265 poterat,
1030 2172 1105 2264 quia
1119 2182 1272 2244 autumno

157 2284 344 2353 discedente
362 2282 467 2353 ldenrs
489 2285 585 2351 uenit.
606 2280 757 2376 Virgilius
780 2281 913 2377 [gellii
928 2284 1019 2375 1351:
1042 2280 1089 2351 ‘et
1111 2306 1184 2353 curn
1200 2286 1274 2353 tris·

155 2397 200 2465 tis
221 2390 341 2464 hiems?

244 2506 297 2573 57.
325 2528 491 2576 avevano.
513 2530 571 2599 per
592 2516 781 2575 autumnum
802 2528 876 2575 nana
895 2504 1041 2599 iugulant
1062 2507 1174 2575 morbi.

244 2615 297 2684 59.
325 2641 462 2685 svaran.
490 2626 605 2686 uentus
627 2616 759 2700 calidus,
781 2638 846 2709 quo
868 2617 971 2707 pisces
994 2626 1248 2709 corrumpuntur.
1282 2634 1310 2681 ro

245 2729 296 2794 60.
324 2751 433 2805 rrovc
454 2752 567 2797 nncvs.
597 2728 630 2797 id
652 2736 716 2809 est,
744 2750 819 2795 cum
840 2749 940 2821 prope
961 2727 1051 2797 lacus
1073 2726 1272 2795 Albanenses

154 2838 224 2905 iam
244 2838 384 2905 uenisset
405 2840 553 2931 piscator.
709 2823 713 2832 ’

246 2949 299 3015 61.
335 2970 437 3019 resurr
459 2948 634 3019 Tnorauvrr
664 2972 707 3018 cr
729 2946 877 3019 Vssrau.
916 2947 1052 3019 Romani
1080 2972 1155 3018 nam
1177 2946 1272 3017 Tullo

154 3052 296 3126 Hostilio
318 3082 396 3153 rege
417 3082 491 3128 cum
514 3062 682 3131 diruissent
702 3059 832 3145 Albam,
863 3083 954 3129 sacra
982 3061 1106 3131 sublata
1133 3056 1272 3127 Romam

155 3167 388 3238 transtulerunt
408 3179 442 3239 et
462 3170 541 3240 deos
562 3180 703 3265 penates.
732 3194 870 3263 quorum
892 3172 1053 3264 penetrale
1079 3180 1146 3240 tam
1171 3180 1310 3239 uene-²⁵

158 3337 190 3396 ⁵.
207 3328 374 3409 ‘Palfuriae
393 3341 483 3414 Sara,
502 3346 535 3397 ut
556 3339 649 3414 iuquit
668 3336 788 3411 Proluo,
809 3337 972 3397 consularis
986 3335 1199 3410 airititiareul
1210 3339 1271 3395 Ne·

156 3430 233 3472 rone
255 3414 383 3473 lactatus
407 3423 452 3474 eet
482 3435 546 3474 ocra
569 3418 681 3490 atrptrre
700 3414 928 3473 Lacedaemonia
953 3418 983 3473 iu
1004 3432 1107 3490 aponer
1132 3423 1272 3491 portaaa

160 3492 344 3567 Vespasiano
362 3501 521 3552 summotas
541 3512 555 3550 o
575 3500 682 3550 renato
700 3494 820 3551 transiit
841 3490 880 3549 orl
898 3494 1022 3550 stoicam
1033 3498 1146 3561 mutarn
1165 3493 1197 3551 irr
1212 3507 1272 3567 qao

157 3584 227 3625 cuer
242 3566 406 3645 eloquentia
425 3570 606 3646 praecelleret
625 3571 792 3628 Domuimro
815 3566 1015 3641 familiaritate
1035 3572 1201 3629 coniunctae
1219 3566 1272 3627 de-

156 3642 299 3703 lationem
317 3645 499 3705 acerbissime
522 3649 648 3706 armauit
673 3644 724 3704 aad
747 3645 899 3718 interfecto
925 3650 1093 3707 Domitiano
1117 3652 1273 3706 accaeatae

158 3727 207 3779 eet
226 3740 245 3780 a
264 3729 370 3781 senatu
389 3730 417 3780 et
435 3720 608 3783 darrrrratao.²
633 3726 668 3781 V.
794 3722 929 3781 Pallirius
949 3724 1023 3800 Syra
1043 3727 1100 3782 ΡΒ.
1116 3742 1187 3783 corr.
1202 3742 1250 3803 ρ.Ι

157 3800 190 3857 6.
212 3799 317 3859 deinde
337 3802 688 3860 macetranorum.
701 3805 747 3870 18,
757 3805 785 3860 7.
916 3812 1047 3860 senatum
1067 3804 1126 3861 Pu.
1146 3820 1220 3861 corr.
1241 3819 1270 3875 p.

156 3879 208 3934 10.
228 3874 399 3954 coroddp.
457 3879 561 3936 suisset
581 3882 762 3955 P8.corr.p.
841 3882 887 3937 11.
909 3886 937 3935 et
957 3878 1033 3956 trip.
1124 3882 1172 3937 15.
1193 3874 1271 3953 quod

156 3952 218 4009 iam
236 3971 266 4031 p.
355 3960 402 4014 16.
424 3965 491 4014 extu
510 3958 569 4014 Pu.
580 3974 653 4015 corr.
664 3975 692 4032 p.
795 3959 841 4015 19.
864 3955 984 4030 uigilant
1002 3960 1030 4014 P
1048 3956 1271 4029 (inmoratur.

157 4028 273 4106 uigent)
286 4034 318 4089 S.
338 4032 483 4109 pullulant
501 4050 527 4092 o.
605 4037 654 4093 21.
674 4034 854 4091 Albuueuses
868 4036 903 4093 P.
924 4034 1272 4108 Atuenensessmorup.

153 4110 207 4166 23.
228 4127 293 4167 cum
310 4112 369 4171 ts.
446 4112 496 4170 24.
517 4109 714 4171 deseruissent
731 4110 1039 4171 sacernantur.
1098 4107 1193 4169 Roma
1211 4110 1271 4168 ΡΒ.

151 4202 270 4262 cornp.
