3025 4859
583 378 728 434 servat
745 379 792 432 Vl.

137 547 240 640 adque
262 569 374 614 omnes
393 547 505 639 implet
527 569 692 628 numeros,
715 546 897 639 dignissima
919 565 1049 638 prorsus
1159 567 1160 572 ¹

136 655 236 724 llorali
256 667 400 725 matrona
422 656 513 740 tuba,
534 658 594 725 nisi
615 659 642 725 si
664 658 740 750 quid
761 658 794 725 in
815 655 869 723 illo

136 776 267 860 pectore
289 766 362 860 plus
384 771 482 862 agitat
503 791 664 861 ueraeque
685 776 813 860 paratur
836 765 982 832 harenae.

138 901 234 971 quem
255 889 419 970 praestare
440 889 548 972 potest
568 878 682 948 mulier
703 877 828 970 galeata
850 876 1020 967 pudorem,

140 1012 224 1080 quae
245 989 327 1080 fugit
348 1011 366 1055 a
389 1012 486 1073 sexu,
506 992 593 1058 uires
615 986 722 1057 amat?
750 985 831 1054 haec
852 995 960 1054 tamen
980 989 1048 1078 ipsa

136 1101 187 1166 uir
207 1098 307 1166 nollet
328 1098 410 1182 lieri5
431 1122 506 1168 nam
529 1100 681 1192 quantula
701 1108 811 1166 nostra
831 1096 992 1189 uoluptas!

138 1207 233 1300 quale
254 1209 353 1277 decus
374 1233 497 1294 rerum,
518 1213 545 1278 si
566 1210 710 1302 coniugis
732 1209 836 1276 auctio
859 1206 926 1288 fiat,

136 1317 262 1386 balteus
284 1328 316 1386 et
336 1321 480 1388 manicae
502 1330 535 1389 et
556 1322 670 1389 cristae
693 1320 857 1410 crurisque
880 1319 995 1386 sinistri

138 1429 303 1497 dimidium
322 1428 478 1522 tegimen!
507 1429 561 1497 uel
582 1432 609 1497 si
631 1431 757 1499 diuersa
778 1427 922 1496 monebit

136 1538 272 1632 proelia,
294 1548 329 1606 tu
350 1538 428 1607 ielix
450 1562 560 1607 ocreas
581 1542 741 1608 uendente
763 1535 883 1631 puella!

136 1647 198 1718 bae
220 1658 294 1716 sunt
315 1671 397 1741 quae
419 1651 506 1718 tenui
527 1651 643 1719 sudant
663 1651 696 1716 in
718 1647 866 1739 cyclade,
888 1669 1024 1740 quarum

138 1757 268 1830 delicias
289 1768 321 1826 et
341 1758 529 1852 panniculus
551 1759 761 1851 bombycinus
783 1760 854 1825 urit.

137 1870 246 1962 aspice
267 1892 330 1962 quo
353 1871 481 1936 fremitu
501 1879 694 1939 monstratos
715 1871 856 1963 perierat
875 1869 973 1951 ictus,

138 1987 171 2046 et
193 1988 311 2071 quanto
333 1979 445 2073 galeae
466 1989 617 2048 curuetur
637 1981 794 2072 pondere,
817 1989 934 2071 quanta

137 2087 309 2181 poplitibus
331 2090 441 2156 sedeat
463 2111 560 2183 quam
582 2088 681 2158 denso
704 2091 801 2157 fascia
823 2089 918 2171 libro,
960 2161 966 2171 „

138 2208 171 2266 et
191 2199 273 2282 ride,
294 2202 405 2291 positis
427 2199 592 2292 scaphium
614 2223 688 2268 cum
710 2202 844 2267 sumitur
866 2203 969 2268 armis.

138 2310 232 2377 dicite
253 2333 313 2377 uos
334 2320 447 2402 neptes
467 2309 580 2402 Lepidi
602 2312 732 2378 caeciuc
753 2309 890 2392 Metelli,

139 2418 281 2512 Gtugitis
303 2429 358 2487 aut
378 2420 482 2502 Fabii,
504 2444 587 2513 quae
608 2420 695 2488 ludia
717 2422 866 2488 sumserit
887 2445 1039 2514 umquam
1135 2413 1139 2419 ’

138 2529 199 2597 bos
219 2528 369 2597 habitus?
398 2531 525 2623 quando
547 2531 587 2597 ad
610 2530 719 2622 palum
740 2540 848 2622 gemat
870 2553 951 2598 uxor
972 2531 1085 2622 Asyli?

222 2639 358 2732 Semper
378 2639 475 2708 habet
494 2640 567 2709 lites
589 2639 774 2734 alternaque
795 2644 898 2734 iurgia
919 2641 1036 2723 lectus,

138 2750 171 2816 in
193 2772 255 2843 quo
278 2759 378 2841 nupta
398 2751 495 2832 iacet3
517 2753 681 2818 minimum
704 2751 858 2818 dormitur
879 2753 911 2818 in
933 2751 996 2818 illo.

140 2867 215 2927 tunc
236 2861 344 2952 grauis
364 2857 418 2925 illa
438 2861 522 2940 uiro,
545 2870 621 2929 tunc
643 2861 720 2928 orba
742 2863 855 2954 tigride
876 2863 980 2953 peior,
1180 2877 1243 2934 270

140 2993 214 3037 cum
235 2968 363 3036 simulat
383 2972 522 3062 gemitus
544 2972 661 3040 occulti
683 2973 811 3039 conscia
832 2973 922 3052 lacti,

142 3089 195 3147 aut
216 3079 284 3149 odit
304 3102 437 3171 pueros,
459 3089 514 3148 aut
535 3079 607 3149 licta
628 3081 743 3174 pellice
766 3081 883 3172 plorat,

142 3283 208 3340 251.
228 3281 319 3358 agitat
329 3279 381 3348 dg:
401 3282 580 3357 agitetPSco.
650 3283 718 3339 252.
730 3275 826 3356 ‘quem
841 3301 959 3341 seruare
968 3291 1064 3360 potest
1079 3285 1180 3342 mulier
1190 3303 1243 3360 ga-

143 3357 217 3415 lenta
227 3357 369 3436 pudorem
379 3360 478 3434 inquit
491 3349 603 3415 celsus’
620 3356 711 3414 sobol.
723 3361 932 3427 uncantt'ffl,
942 3364 990 3418 76.
1057 3365 1124 3420 255.
1141 3361 1191 3420 fiet
1200 3361 1244 3434 fg.

142 3436 207 3491 256.
228 3434 341 3491 balteus
362 3444 392 3491 et
411 3436 526 3492 tunicae
546 3443 575 3492 et
594 3435 698 3492 cristae
718 3437 842 3492 Sumtus
855 3435 892 3492 od
905 3440 987 3510 Very.
998 3436 1070 3494 Aeo.
1081 3441 1121 3508 X,
1132 3439 1199 3496 494.

142 3512 270 3570 manicae
284 3513 368 3568 PSm.
446 3511 606 3586 crustisque
618 3515 652 3571 P.
720 3515 788 3570 257.
804 3513 928 3586 tegimen
943 3512 1049 3585 Pbtlfgr
1069 3525 1232 3590 tegmento.

143 3589 197 3646 259
208 3605 254 3664 oq.
274 3590 420 3646 Prisoiom
433 3591 492 3656 111,
502 3592 531 3656 7,
541 3592 578 3646 39
592 3607 621 3664 p.
633 3591 704 3646 616:
719 3581 903 3646 ‘Notandum
919 3593 1005 3647 ctiam
1023 3609 1151 3667 ponnus,
1171 3591 1246 3668 quod

143 3665 312 3740 panniculus
331 3662 411 3735 foolt.
442 3665 594 3724 [cormelis
613 3667 646 3722 io
663 3668 710 3722 11:
737 3683 856 3740 quarum
879 3665 996 3723 delicias
1018 3669 1103 3724 etiarn
1124 3670 1244 3746 bomby-

143 3740 220 3798 cinus
241 3741 297 3797 urit
317 3735 505 3818 panniculus?
622 3743 690 3798 261.
711 3742 818 3816 gemitu
839 3743 1005 3800 Mart-lond.
1023 3743 1157 3802 adstat.
1174 3747 1243 3806 silo.

143 3819 297 3885 uncto.
365 3819 432 3876 264.
453 3819 529 3876 ridet
545 3814 636 3892 obp).
711 3817 870 3894 strophium
887 3819 1246 3896 Monsoocrm.Ablrdlpco

141 3909 170 3966 p.
179 3894 246 3953 241.
324 3896 391 3952 265.
414 3895 530 3952 caeciae
551 3912 592 3950 co:
612 3894 793 3967 cecioePSf,
814 3895 951 3970 caecique
972 3911 1004 3964 ς,
1026 3897 1161 3956 Creteiue
1182 3901 1244 3958 cod.

144 3969 297 4028 Pelorum
307 3969 386 4046 opud
393 3974 432 4028 N.
441 3973 590 4028 Reiectum
601 3970 640 4028 ad
652 3971 736 4029 Ouid.
749 3978 814 4028 uret.
826 3974 892 4039 Vll,
903 3971 969 4029 224.
1034 3977 1101 4032 267.
1118 3975 1206 4050 gemit
1217 3991 1244 4044 ς.

144 4048 206 4104 270.
225 4057 296 4105 tunc
315 4048 412 4123 grauis
433 4046 574 4123 obodfpw:
603 4056 661 4104 tum
681 4048 778 4123 grauis
799 4063 830 4114 ς,
861 4067 923 4105 cunr
944 4050 1040 4124 grauis
1061 4054 1113 4117 Ρς.

144 4123 205 4182 271.
226 4143 290 4182 corn
301 4129 368 4182 Por:
388 4133 456 4182 tunc
471 4140 498 4191 ς.
570 4127 637 4183 272.
654 4122 732 4182 iiicta
746 4125 860 4203 paelice
871 4129 906 4195 P,
926 4125 992 4183 ficta
1007 4127 1159 4204 pelicem,
1178 4125 1244 4188 licto

143 4201 244 4275 pollice
264 4200 505 4276 Lindonbropics.
