3025 4859
303 351 384 431 272
688 370 1029 427 scuounrurmu.

387 534 460 603 597.
484 556 650 605 counvcrr
671 560 703 606 o.
743 560 764 605 o
786 540 914 620 marite,
936 536 994 605 tibi
1016 536 1161 605 consulit
1193 538 1302 631 gaude,
1322 536 1394 631 quod

301 644 448 714 abortum
469 668 552 713 uxor
574 654 628 714 tua
650 649 733 715 iecit
766 672 841 716 nam
871 650 898 716 si
926 646 1065 716 uolueris
1093 648 1133 716 de
1161 648 1311 717 adulterio
1331 670 1393 715 con·

302 765 413 849 coptos
434 756 562 838 tollere,
583 754 717 825 habebis
737 757 819 827 filios
842 768 934 827 natos
958 783 999 827 ex
1019 760 1116 851 nigris
1139 757 1287 851 patribus,
1307 759 1336 825 id
1355 764 1395 824 est

300 866 487 959 Aegyptios.

277 994 291 1035 t
388 979 461 1044 508.
490 1001 630 1047 conatos
653 1003 684 1057 o.
713 980 956 1075 quatiscumque
977 989 1074 1075 potus
1095 982 1199 1062 tuerit,
1221 1004 1278 1074 per
1304 990 1335 1048 te
1357 980 1395 1071 ip-

303 1110 376 1155 sum
397 1089 475 1155 ouer
496 1088 678 1156 bibendum.

388 1200 462 1267 600.
492 1200 738 1289 Anaurocrs.2id
761 1210 823 1284 est,
850 1226 893 1272 ex
913 1200 1072 1295 Aethiope
1094 1206 1169 1273 nati.
1254 1226 1395 1273 6666666.

300 1312 401 1405 niger.

387 1422 461 1489 601.
487 1444 649 1491 ructuare
670 1448 702 1491 τ.
724 1445 753 1491 u.
778 1448 809 1491 r.
842 1424 874 1493 id
896 1433 953 1508 est,
976 1426 1036 1493 erit
1057 1423 1113 1493 tibi
1134 1424 1227 1496 heres
1249 1426 1333 1508 talis,
1352 1425 1396 1517 qui

263 1531 437 1601 minterdiu
457 1555 633 1623 numquam
654 1558 690 1601 se
712 1532 769 1601 tibi
791 1535 935 1603 ostendit

386 1643 459 1709 602
483 1666 627 1711 annuero
647 1668 718 1712 svs.
740 1645 967 1736 praetermitto,
990 1667 1055 1713 non
1072 1646 1144 1715 dico
1168 1648 1208 1715 de
1230 1648 1394 1741 suppositis.

387 1754 461 1821 603.
498 1778 541 1821 au
568 1778 710 1823 srvncos
737 1779 769 1823 o.
808 1756 885 1825 illuc
920 1778 995 1824 uam
1024 1755 1249 1825 deferebantur
1276 1758 1396 1850 expositi

300 1874 411 1957 partus
431 1863 537 1955 adque
557 1862 601 1930 ibi
623 1863 867 1956 proiciebantur.
955 1890 1105 1935 6666666
1120 1891 1218 1937 vom.
1241 1872 1313 1961 quia
1333 1867 1395 1936 sub

300 1976 423 2067 positus
445 1981 494 2040 est
516 1973 606 2054 filius,
627 1975 660 2041 id
683 1984 741 2057 est,
763 1977 866 2043 iactus
888 1976 1002 2046 nobilio
1026 2000 1068 2044 err
1090 1977 1271 2070 subpositis.

262 2098 290 2142 1⁶
388 2085 461 2151 604
482 2108 670 2154 rouruucns
685 2111 711 2154 s.
723 2110 752 2153 6.
777 2086 817 2153 de
840 2086 955 2154 familia
977 2085 1074 2155 nobili
1094 2112 1212 2158 nomen
1233 2096 1395 2159 tenuerunt

385 2195 457 2262 605.
482 2218 628 2264 consone
643 2220 674 2263 ι..
695 2197 728 2263 id
750 2206 809 2278 est,
830 2198 1013 2289 frequenter
1034 2199 1107 2268 inde
1128 2200 1255 2269 collecti
1276 2202 1395 2267 infantes

300 2314 334 2375 et
354 2304 509 2399 subpositi
528 2308 681 2376 matronis
707 2307 749 2376 ad
775 2307 944 2401 imperium
971 2318 1004 2378 et
1030 2308 1108 2378 alias
1134 2319 1310 2405 potestates
1335 2332 1397 2403 per·

298 2424 466 2489 uenerunt.

383 2529 456 2594 606.
478 2549 594 2596 novar.
619 2527 815 2619 [conrueret
837 2528 950 2597 fauens
972 2530 1133 2599 fortunam
1154 2542 1287 2602 mutare.

257 2660 288 2702 ao
383 2640 457 2705 607.
479 2661 582 2707 rums.
604 2639 770 2707 nobilibus.

382 2749 455 2815 600.
476 2772 652 2819 66666666.
675 2759 837 2842 tamquam
860 2772 936 2817 suos
958 2760 1074 2821 tuetur.

382 2860 456 2926 610.
479 2860 651 2929 Turesim
667 2884 800 2929 venun.
825 2860 921 2952 [66].
944 2862 1086 2931 dicticos.
1109 2864 1219 2933 neseio
1242 2862 1395 2955 quisitor,

295 2972 350 3066 qui
372 2979 484 3039 cantus
498 2972 641 3061 magicos
655 2972 753 3052 nouit,
777 2992 857 3061 quos
872 2974 1024 3039 matronis
1039 2976 1264 3065 superstitiosis
1281 2975 1395 3043 ueudat

380 3084 454 3150 611.
475 3104 627 3150 effluam.
650 3083 820 3148 amatorias
841 3104 903 3149 res.

256 3204 285 3249 ²⁸
382 3185 1136 3286 612resonettuoavpoppadmaritum.
1221 3190 1394 3288 [6666666]
1469 3158 1470 3169 ¹

293 3304 445 3375 tunderis.

379 3416 451 3485 613.
474 3435 672 3486 moramur.
694 3414 859 3509 lethargus
880 3412 1021 3484 morbus.

290 3618 320 3674 2.
340 3615 465 3675 uoluerit
482 3619 540 3676 Ps.
560 3631 634 3675 corr.
655 3634 679 3674 o.
756 3619 787 3676 9.
809 3634 893 3693 quem
913 3618 971 3675 PS.
984 3634 1056 3675 corr.
1069 3622 1210 3680 26666166.
1289 3618 1392 3679 1016·
1469 3604 1470 3611 ἵ

290 3699 337 3751 ter
356 3692 404 3752 die
424 3694 565 3752 ruem.
578 3698 718 3753 26666166.
798 3698 845 3753 11.
867 3712 903 3751 au
916 3694 983 3809 dieo¹
1000 3696 1059 3752 PS.
1072 3714 1144 3756 corr.
1158 3716 1183 3757 o.
1261 3700 1309 3757 14.
1329 3716 1393 3774 sup-

290 3822 386 3899 posito
404 3839 436 3897 p.
514 3823 561 3881 19.
580 3820 685 3879 sabens
705 3822 765 3879 Ps.
842 3820 1070 3881 fortunaruutare
1081 3826 1113 3882 S.
1192 3824 1317 3883 infantes
1335 3822 1391 3879 sor·
1469 3832 1470 3875 t

289 3908 359 3957 tuna
377 3907 487 3956 tutator
504 3918 530 3956 6.
607 3902 655 3955 22.
677 3894 834 3966 δεικτικῶς
852 3916 881 3971 p.
960 3903 1053 3958 nescit
1072 3904 1131 3961 ΡΒ.
1147 3921 1221 3961 corr.
1232 3902 1391 3961 Acbointrs.
1469 3902 1470 3973 ξ

289 3994 359 4035 6666
379 3978 471 4053 inquit
490 3995 515 4034 s.
535 3975 724 4033 'l'heesatieus
744 3976 818 4035 iater
840 3974 985 4033 0366116.
1075 3983 1123 4037 23.
1144 3981 1227 4038 nobis
1248 3998 1319 4056 quos
1338 3977 1391 4033 PS.
1469 3974 1470 4059 i

288 4055 543 4111 conmeantum.
564 4054 707 4110 nobilibus
728 4070 755 4113 o.
835 4054 917 4109 uobis
939 4055 1022 4128 quasi
1042 4075 1066 4115 6.
1147 4060 1197 4115 26.
1216 4062 1263 4115 27.
1284 4069 1390 4113 66666-
1469 4080 1470 4107 i

287 4146 375 4187 nrm.
395 4130 490 4188 tondit
508 4129 654 4205 lethargus
674 4136 791 4190 morbus
807 4133 865 4188 ΡΗ.
886 4131 1012 4206 tangitur
1024 4132 1073 4191 uei
1085 4134 1246 4195 ostenditur
1260 4132 1392 4193 smnia-
1469 4156 1470 4203 p

286 4202 395 4278 flotam.
415 4206 484 4266 binc
502 4207 534 4265 iit
552 4209 726 4267 umatum.
746 4208 906 4267 intenditur
926 4224 951 4265 o.
