3025 4859
243 241 320 317 248
628 253 787 309 sosoma
806 256 966 313 rursm.

330 424 404 489 218.
434 444 630 491 meramors
652 444 765 491 narres.
795 423 878 491 illius
901 423 1062 493 adulteros
1084 424 1183 490 iacies
1209 421 1353 505 heredes,

239 532 297 601 ilia
319 534 534 600 summittente
556 555 637 623 quos
658 531 806 600 uoluerit

329 644 402 711 219.
436 665 519 711 roms
542 665 675 709 csvcuu
697 665 810 712 servo.
845 666 920 713 cum
950 643 1085 711 uoluerit
1112 666 1241 711 seruum
1269 645 1354 713 occi·

246 754 331 833 dere,
354 775 484 821 oausam
505 774 568 819 non
592 752 724 842 quaerit.

207 878 220 917 ⁵
329 862 402 929 220.
440 883 511 938 ovrs
532 884 644 929 rusam
667 886 779 929 rosso.
813 863 845 930 id
867 871 925 943 est,
947 865 974 930 si
996 864 1242 954 interrogaueris
1266 885 1353 929 eam:

241 967 298 1039 ‘ob
320 992 417 1061 quam
438 992 568 1039 eausam
589 994 720 1039 seruum
741 972 870 1053 occidis,
892 980 947 1039 aut
968 994 1032 1063 quo
1055 969 1258 1040 deferente?
1293 971 1355 1039 hoc

246 1078 301 1146 tibi
323 1081 508 1172 respondet:
539 1076 596 1147 ‘de
617 1102 698 1148 nece
718 1082 847 1173 ingenui
869 1080 956 1149 nulla
979 1090 1028 1147 est
1048 1081 1220 1162 dubitatio;
1250 1104 1292 1149 au
1315 1082 1354 1149 de

246 1191 330 1256 serui
351 1196 455 1255 morte
476 1210 572 1255 eausa
594 1191 775 1281 quaerenda
797 1187 880 1259 est?'

330 1298 404 1363 222
436 1320 541 1365 uvam
562 1320 707 1376 vuovru.
729 1298 784 1366 illa
806 1300 882 1367 dicit
904 1300 967 1367 tibi.

208 1433 234 1472 ra
331 1407 404 1474 223.
446 1430 510 1474 rroo
539 1430 624 1475 vooo
653 1431 702 1476 aro
729 1430 835 1477 rvsso.
872 1404 948 1477 rrihii
975 1411 1171 1502 peccauerit:
1206 1410 1252 1477 sic
1280 1408 1352 1477 mihi

244 1517 359 1611 placet.
381 1541 440 1610 pro
462 1516 557 1609 eulpa
579 1519 690 1585 mortis
712 1516 861 1585 uoluntas
884 1541 956 1587 mea
977 1516 1124 1585 habenda
1145 1525 1204 1585 est.

328 1630 401 1698 224.
424 1650 509 1695 meo
533 1650 638 1696 soom
660 1647 846 1702 uuuruovrr.
869 1628 1016 1719 repudiat
1038 1628 1152 1693 uirum.

328 1738 401 1805 225.
423 1761 487 1805 eurr
509 1759 687 1813 uvearove
708 1760 814 1805 nouos
835 1762 878 1803 eo
899 1758 1061 1804 auruum.
1084 1736 1231 1804 flammea
1253 1760 1352 1829 genus

247 1849 361 1927 amicti,
385 1870 449 1938 quo
472 1870 507 1914 se
530 1848 719 1937 cooperiunt
739 1846 890 1914 mulieres
912 1848 963 1914 die
985 1847 1183 1938 nupciarum.
1207 1854 1257 1912 est
1272 1849 1354 1915 enirn

208 1986 233 2025 rs
247 1956 456 2047 sanguineum
482 1964 612 2049 propter
636 1957 794 2048 pudorem
821 1957 1074 2025 custodiendum.
1191 1976 1350 2025 corruam

247 2088 332 2132 moe.
357 2068 472 2133 exterit
494 2087 591 2157 saepe
611 2065 770 2135 nubendo.

329 2174 403 2242 226.
427 2200 568 2244 asserio
591 2198 740 2245 vresrrom
763 2198 872 2244 asom.
899 2200 918 2243 a
940 2176 1081 2243 secundo
1105 2178 1216 2245 marito
1239 2178 1354 2245 iterum

245 2286 386 2379 priorem
407 2288 530 2379 repetit

331 2398 407 2464 227.
428 2420 536 2465 roass.
559 2397 713 2463 introitus.

208 2528 235 2569 m
330 2507 403 2575 228.
442 2528 475 2574 m
496 2527 607 2573 omnus
631 2526 743 2573 armos.
780 2503 894 2595 quibus
921 2529 976 2597 per
1005 2510 1132 2599 nuptias
1162 2508 1276 2575 domus
1303 2527 1353 2573 or-

246 2625 369 2685 uantur.

329 2726 403 2795 230.
431 2750 528 2797 morra
550 2748 740 2795 servoorrm.
777 2732 811 2791 ut
838 2724 901 2793 hoc
925 2725 1093 2817 sepulchro
1117 2727 1185 2793 eius
1206 2723 1355 2791 inscriba-

247 2845 315 2918 tur,
343 2838 430 2929 quod
458 2839 489 2905 in
523 2836 736 2928 quinquennio
770 2842 843 2901 octo
872 2835 1003 2902 maritos
1030 2834 1154 2915 habuit,
1186 2843 1219 2901 et
1247 2856 1356 2901 omnes

247 2944 385 3036 reliquit.

210 3068 236 3108 ²⁵
332 3054 406 3121 231.
429 3074 639 3122 arsenarum
662 3076 729 3121 mor
751 3077 776 3120 s.
799 3078 828 3121 c.
851 3078 876 3119 s.
922 3056 1050 3123 uiuente
1073 3076 1167 3123 socru
1190 3063 1245 3122 tua
1266 3076 1355 3122 num-

249 3185 345 3253 quam
367 3185 442 3230 eum
465 3185 567 3232 uxore
588 3186 702 3256 pacem
724 3186 760 3230 es
782 3162 956 3231 habiturus.

332 3272 406 3340 232.
434 3295 508 3342 rora
530 3298 638 3342 nocer
661 3295 792 3342 ssomrs.
821 3294 932 3339 socrus
961 3281 1071 3340 monet
1097 3280 1133 3338 ut
1155 3281 1186 3339 te
1209 3270 1354 3364 expoliet

332 3384 406 3450 233.
440 3409 461 3451 a
483 3405 698 3452 conaremur:
722 3404 888 3451 arsamis.
924 3381 1004 3449 haec
1033 3381 1128 3449 filiam
1156 3405 1247 3451 suam
1275 3380 1356 3451 lenat

250 3502 283 3559 et
304 3494 399 3561 docet
420 3516 491 3560 eam
513 3492 656 3561 moechis
677 3495 743 3561 suis
766 3499 859 3559 caute
880 3491 1064 3559 rescribere.

210 3621 237 3662 ³0
333 3601 406 3668 235.
436 3624 522 3670 TvNc
545 3626 692 3671 coaeome
714 3624 803 3671 sruo.
838 3599 965 3667 simulat
986 3602 1215 3693 aegritudinem
1239 3622 1355 3679 socrus,

247 3716 284 3775 ut
305 3708 423 3776 habeat
444 3710 628 3780 facultatem
649 3714 690 3779 ad
712 3734 748 3779 se
770 3710 832 3779 iiiia
854 3709 1000 3777 ueniendi
1023 3732 1120 3777 eausa
1141 3710 1293 3779 adulterii.

332 3818 406 3887 236.
428 3842 580 3888 rovocar
596 3822 818 3889 tacueram.
841 3820 1001 3887 medicum
1016 3842 1167 3914 magnum
1181 3819 1265 3887 illius
1280 3828 1355 3885 tem·

245 3986 273 4041 9.
295 3983 343 4041 iile
364 3985 545 4041 Pasarne,
643 3991 690 4043 10.
711 3984 844 4062 peccauit
864 3986 921 4042 ΡΒ.
939 4000 1011 4043 corr.
1028 4002 1054 4041 e.
1152 3989 1198 4043 13.
1219 4000 1354 4042 framva-

246 4075 367 4132 aaron
387 4063 421 4116 P.
501 4060 550 4117 15.
571 4062 702 4121 ruborem
723 4063 781 4118 Pa.
800 4078 874 4118 corr.
892 4079 917 4118 o.
