3025 4859
614 298 824 359 sermon.
1198 282 1275 361 263

244 466 317 538 475.
351 487 428 545 ovm
450 486 589 535 recum
611 493 641 536 A.
664 489 695 536 o.
733 465 891 556 [eversus
914 464 1038 555 novio]
1070 466 1175 537 idest
1200 464 1272 537 libi·

158 578 222 647 dini
242 580 343 671 ipsius
365 578 441 645 eatis
463 598 528 645 non
549 578 668 648 lecerit

244 690 319 757 478.
339 711 439 759 rerem
459 711 619 759 cronium.
640 686 830 781 lanipendio.

241 802 316 869 477.
339 823 452 868 coeno.
476 824 533 869 eos
555 801 639 879 dicit,
660 800 716 891 qui
737 798 930 867 ornamentis
952 806 1112 889 praesunt,
1134 820 1200 869 non
1222 808 1269 869 ta·

154 934 233 981 men
253 913 437 980 ornatricee.
564 933 696 979 rouvnn
724 933 891 979 cosuerrn
921 930 1068 977 runicis.
1101 919 1138 977 ut
1167 927 1293 1003 uano-⁵

153 1022 224 1091 lent
244 1022 376 1092 scilicet.
465 1020 672 1091 iacientibus
699 1023 753 1114 qui
775 1020 911 1089 multum
933 1020 1102 1089 dormiunt.
1208 1042 1267 1087 vn-

155 1156 245 1203 unse
265 1155 296 1201 ι.
321 1133 464 1213 nuntius,
497 1141 553 1200 aut
575 1142 663 1201 certe
683 1132 873 1216 lecticarius,
895 1141 951 1203 aut
972 1131 1102 1223 gerulus
1123 1128 1267 1215 lecticae,

155 1266 241 1337 quae
260 1242 416 1311 liburnata
439 1250 496 1309 est.

240 1354 312 1423 478.
335 1375 485 1423 vennone
507 1376 612 1425 soum.
635 1354 747 1436 idest,
769 1375 901 1424 somnus
924 1352 1028 1422 mariti
1050 1372 1171 1446 poenas
1191 1373 1265 1446 pre-

154 1470 221 1530 stat
241 1462 385 1531 familiae.
1277 1488 1304 1529 ro

239 1575 314 1643 480.
346 1598 403 1645 uro
425 1598 561 1644 sermon
582 1597 675 1643 svur.
711 1573 801 1643 lorus
827 1574 928 1655 latus,
959 1574 1081 1642 corium
1103 1597 1168 1645 non
1189 1598 1266 1646 con-

152 1686 284 1753 lectum.
382 1709 489 1754 eruum
510 1710 541 1755 Ρ.
569 1686 601 1755 id
623 1694 685 1767 est,
709 1684 823 1754 salario
845 1684 1084 1777 quaestionariis
1105 1686 1174 1755 siue
1196 1707 1266 1762 car·

151 1793 308 1864 nilieibue.

239 1906 313 1975 482.
338 1930 601 1977 contemnerer.
625 1906 812 1975 auroclouas
835 1912 943 1974 uestes
964 1906 1105 1975 miratur.

238 2017 312 2087 483.
341 2042 384 2085 er
405 2042 526 2088 crcnrr
547 2041 577 2083 c.
599 2041 631 2085 n.
653 2040 685 2085 v.
707 2042 740 2086 n.
760 2019 960 2089 ratiocinium
982 2018 1128 2089 diurnum
1149 2022 1303 2115 accipitre

150 2130 186 2197 in
208 2136 389 2199 transuerso
410 2139 497 2198 corta
519 2130 681 2221 scriptum.

239 2240 313 2309 484.
341 2264 481 2311 neroum
502 2262 535 2310 rr.
559 2241 766 2330 [contricione
786 2241 958 2331 ennrcrrl.
993 2241 1084 2334 quasi
1109 2242 1142 2311 in
1168 2263 1266 2312 causa

150 2350 386 2443 disceptouerit.

234 2464 307 2532 486.
335 2486 570 2533 rnnrnecover
592 2486 623 2531 o.
655 2472 862 2555 tyrannorum
878 2461 953 2532 dicit
965 2459 1085 2531 Faleris
1107 2469 1162 2531 aut
1182 2459 1264 2533 Dio-

148 2574 231 2663 nysi.
271 2573 393 2642 Falerio
424 2576 666 2669 Agrigentinus,
697 2574 901 2642 saeuissimus
934 2581 1102 2663 tyrannus,
1137 2576 1192 2667 qui
1218 2578 1304 2647 sicto

150 2684 355 2753 crudelitates
377 2685 563 2755 exercebat:
598 2688 702 2753 missis
723 2688 756 2754 in
778 2705 914 2753 aeneum
936 2690 1063 2751 taurum
1083 2683 1264 2756 hominibus

149 2816 209 2862 eos
231 2796 375 2865 subiecto
396 2799 470 2889 igne
491 2798 670 2889 torquebat.
693 2798 734 2865 de
755 2818 820 2889 quo
843 2792 959 2861 Cicero
984 2793 1049 2881 [lrr.
1072 2816 1104 2886 p.
1115 2797 1192 2889 581]
1217 2799 1264 2867 li-

150 2906 211 2974 cit:
227 2900 437 2975 ‘inclusorum
457 2907 623 2985 hominum
645 2909 765 3001 gemitu
788 2904 951 2998 mugiebat
973 2902 1101 2973 taurus.³
1200 2933 1263 2979 non

149 3038 265 3086 rinnon
288 3042 319 3086 n.
341 3020 467 3086 saerrior
488 3020 609 3088 scilicet
630 3019 668 3085 ab
691 3018 764 3085 aula
784 3016 811 3085 F
813 3016 914 3084 aleris.

235 3126 308 3194 488.
331 3152 457 3198 onunru.
479 3131 511 3197 id
536 3139 594 3212 est,
615 3128 779 3223 pulchrius
801 3150 837 3195 se
858 3126 997 3219 disponit
1019 3150 1141 3199 ornare.
1229 3153 1301 3207 run
1332 3207 1338 3220 ,
1379 3205 1384 3216 ,

149 3257 278 3307 nonnis.
300 3238 356 3307 ubi
376 3240 481 3309 solent
501 3241 654 3309 adulterio
677 3239 886 3307 committere.

235 3346 309 3415 489.
330 3374 397 3418 ivr
418 3349 478 3420 lor.
500 3375 530 3421 e.
559 3352 646 3443 opud
666 3348 822 3442 templum
843 3346 942 3415 leidis.
1028 3370 1182 3422 oncnnnnr
1203 3374 1262 3419 cn·

147 3478 223 3525 une.
245 3460 320 3550 quia
340 3460 373 3529 in
393 3460 493 3531 hortis
514 3461 708 3552 templorum
729 3457 883 3528 adulteria
905 3458 1117 3533 committunt.

147 3767 178 3821 3.
198 3762 507 3840 perit—lanipendio
526 3782 581 3823 orn.
603 3764 636 3820 8.
733 3766 762 3824 4.
783 3779 894 3821 comcs.
914 3764 946 3821 S.
1039 3762 1066 3821 5.
1089 3762 1262 3838 coemunt]

150 3852 248 3899 tamen
270 3850 299 3899 et
318 3843 377 3899 PS.
398 3841 454 3900 olet.
473 3860 499 3899 o.
622 3842 669 3901 14.
691 3844 819 3901 clauatns
839 3860 869 3917 p.
897 3841 1059 3899 auriolauos
1082 3844 1204 3899 Vocatus
1228 3840 1263 3897 do

149 3920 205 3976 ott.
229 3935 316 3976 seror.
342 3923 403 3989 111,
422 3922 452 3976 4.
481 3919 654 3977 auriclaniac
679 3918 909 3993 Seno-rnatum.
942 3918 1123 3977 aurocluuiae
1152 3918 1264 3975 Reont-

149 3995 231 4055 otoo.
300 4000 346 4058 17.
368 3996 796 4057 commmunicando.
814 4002 864 4057 Vc.
932 4000 980 4055 21.
1000 3994 1262 4054 missos—homi-

150 4090 205 4131 nes
223 4090 254 4148 ρ.
330 4078 380 4134 22.
401 4071 463 4147 eos]
484 4082 515 4133 et
532 4075 591 4136 ΡΒ.
611 4093 665 4133 om.
684 4093 716 4151 ρ.
