3025 4859
607 411 755 468 SATVRA
772 414 818 468 111.

154 580 302 651 fictilibus
326 604 441 651 cenare
462 584 574 675 pudet,
597 582 684 677 quod
706 593 799 675 turpe
820 582 952 675 negabis

153 694 328 764 translatus
350 692 454 762 subito
477 695 519 762 ad
539 694 663 762 Marsos
686 717 894 787 mensamque
916 690 1078 761 Sabellam

154 814 389 898 contentusque
411 805 475 874 illic
498 816 613 874 ueneto
637 808 782 899 duroque
804 804 939 873 cucullo.
1203 815 1264 871 170

152 940 228 1009 pars
251 940 368 1009 magna
388 916 496 984 ltaliae
519 927 581 998 est,
605 918 631 984 si
652 940 766 985 uerum
788 918 1000 996 admittimus,
1021 916 1055 983 in
1078 936 1141 1007 qua

152 1050 248 1095 nemo
271 1037 380 1121 togam
403 1029 499 1095 sumit
521 1028 579 1094 nisi
601 1036 754 1095 mortuus.
793 1030 862 1120 ipsa
884 1028 1006 1094 dierum

152 1140 310 1206 festorum
331 1139 468 1206 herboso
491 1137 605 1206 colitur
628 1141 654 1205 si
677 1139 804 1232 quando
827 1138 952 1207 theatro

152 1251 306 1317 maiestas
328 1250 519 1341 tandemque
541 1249 623 1317 redit
645 1252 686 1319 ad
706 1250 830 1342 pulpita
852 1258 963 1316 notum

152 1361 322 1442 exodium,
345 1384 419 1428 cum
440 1384 596 1453 personae
618 1361 764 1454 pallentis
785 1361 905 1428 hiatum

151 1475 185 1541 iu
207 1474 331 1565 gremio
354 1474 461 1539 matris
483 1472 631 1540 formidat
653 1474 792 1541 rusticus
814 1474 925 1553 intans,

152 1583 305 1677 aequales
327 1584 453 1653 habitus
473 1584 538 1652 illic
560 1584 743 1675 similesque
766 1583 888 1651 uidebis

153 1695 352 1764 orchestram
375 1704 407 1761 et
428 1694 597 1788 populum,
620 1693 696 1762 clari
718 1694 866 1762 uelamen
887 1693 1017 1762 honoris

151 1806 315 1875 sufficiunt
336 1806 462 1874 tunicae
484 1806 615 1873 summis
637 1804 791 1873 aedibbus
812 1805 914 1873 albae.

150 1918 205 1985 hic
227 1917 309 1985 ultra
331 1916 415 1983 uires
436 1915 561 1983 habitus
583 1918 679 1997 nitor,
702 1915 753 1985 hic
776 1915 894 2008 aliquid
916 1917 988 2009 plus
1201 1926 1263 1983 180

152 2052 251 2122 quam
273 2028 348 2094 satis
371 2036 421 2094 est
441 2027 600 2095 interdum
623 2027 724 2095 aliena
747 2030 883 2095 sumitur
905 2050 987 2095 arca.

153 2162 326 2209 commune
346 2138 379 2206 id
400 2139 513 2205 uitium
536 2147 598 2221 cst,
621 2138 673 2205 hic
693 2139 831 2205 uiuimus
853 2138 1018 2207 ambitiosa

152 2258 343 2343 paupertate
365 2273 485 2317 omnes.
522 2250 598 2342 quid
621 2258 652 2317 te
674 2246 806 2317 moror?
837 2253 942 2318 omnia
963 2248 1089 2318 Romae

152 2382 229 2429 cum
252 2361 365 2453 pretio.
397 2362 472 2454 quid
494 2362 567 2443 das,
589 2370 625 2429 ut
647 2360 788 2429 Cossum
810 2359 980 2454 aliquando
1001 2360 1136 2441 salutes,

152 2482 189 2539 ut
211 2480 244 2539 te
265 2472 414 2563 respiciat
436 2471 545 2541 clauso
567 2469 704 2539 Veiento
727 2469 866 2540 labello?
1202 2479 1262 2539 185

153 2582 207 2651 ille
231 2584 323 2649 metit
344 2579 488 2664 barbam,
511 2586 631 2651 crinem
653 2581 704 2649 hic
728 2582 858 2674 deponit
879 2587 987 2665 amati,

152 2694 248 2787 plena
271 2694 385 2761 domus
406 2693 476 2761 libis
498 2692 671 2761 uenalibus.
710 2696 820 2785 accipe
843 2704 875 2762 et
894 2697 979 2764 istud

152 2808 346 2873 termentum
368 2804 423 2871 tibi
444 2804 541 2873 habe:
564 2813 727 2897 praestare
750 2804 866 2872 tributa
888 2806 1018 2875 clientes

154 2918 301 3009 cogimur
324 2924 356 2983 et
378 2915 469 2983 cultis
492 2939 611 3010 augere
633 2915 757 3009 peculia
780 2918 890 2983 seruis.

242 3026 323 3113 Quis
346 3028 437 3094 timet
457 3035 513 3095 aut
534 3029 637 3097 timuit
660 3026 764 3121 gelida
786 3024 959 3095 Praeneste
981 3031 1114 3112 ruinam,
1202 3039 1263 3094 190

155 3145 212 3205 aut
233 3138 343 3229 positis
364 3161 534 3206 nemorosa
556 3140 637 3206 inter·
659 3142 732 3233 iuga
754 3134 920 3218 Volsiniis,
944 3147 998 3205 aut

158 3245 352 3341 simplicibus
375 3248 501 3331 Gabiis,
525 3258 579 3317 aut
600 3251 691 3343 proni
714 3248 841 3317 Tiburis
864 3247 963 3316 arce?

156 3382 215 3427 nos
239 3358 350 3427 urbem
373 3360 506 3427 colimus
529 3363 615 3429 tenui
639 3361 766 3428 tibicine
788 3360 900 3428 tultam

158 3580 223 3636 168.
244 3576 406 3653 negabis}¹
424 3582 460 3635 Η.
476 3577 623 3637 Valesius:
648 3581 765 3657 negauit
780 3582 845 3648 Pto,
865 3578 983 3653 negabit
1004 3580 1154 3637 Femortrts
1168 3576 1263 3637 eleott.

155 3657 197 3722 11,
207 3661 235 3715 e.
335 3660 400 3714 170.
422 3665 569 3715 contectus
590 3656 740 3716 Solnodar.
840 3656 946 3713 cululto
966 3659 1004 3712 fl.
1030 3654 1170 3714 Valesius.

158 3738 223 3791 173.
245 3732 358 3803 colitur,
378 3734 542 3809 siquando,
564 3734 676 3791 theatro
694 3732 1015 3807 ttsytteabucbodPt-ut.
1027 3751 1104 3791 cons.
1117 3732 1269 3811 adalpolk

156 3809 301 3887 palm.
414 3815 480 3869 177.
502 3812 680 3887 similemque
702 3830 728 3879 ς.
847 3813 911 3868 178.
933 3809 1107 3868 orchestram
1127 3829 1189 3887 pto:
1214 3831 1264 3868 or-

156 3898 278 3945 cestram
292 3890 351 3946 PS.
430 3890 496 3946 184.
518 3890 633 3967 praecio
654 3892 686 3947 S.
766 3890 831 3946 185.
853 3888 933 3945 closo
954 3886 981 3945 d.
1065 3891 1131 3946 186.
1153 3897 1263 3947 amatus

157 3968 286 4041 Ruperti.
395 3965 528 4043 deponit,
549 3967 635 4022 amati
656 3966 783 4024 Franci-e
803 3967 932 4023 aornim.
944 3983 1018 4041 spec.
1030 3984 1060 4041 p.
1071 3966 1109 4022 24
1122 3983 1185 4041 sqq.

158 4046 221 4101 187.
243 4042 308 4100 libis
329 4042 464 4111 §Vallem
484 4042 563 4099 libris
584 4045 672 4110 PSto,
694 4044 774 4099 libris
795 4059 877 4104 eroso
898 4042 997 4110 rodit,
1018 4043 1083 4099 libis
1104 4040 1171 4099 odd.
1192 4061 1207 4097 r
1227 4060 1251 4098 o.

159 4119 307 4178 usualibus
326 4124 393 4179 Pur:
413 4120 574 4195 genialibus
598 4122 778 4195 Gronqaoos,
799 4120 963 4177 uernalibos
986 4118 1111 4177 &ababa
1130 4117 1149 4176 l.
1164 4117 1185 4175 l.

158 4200 221 4257 188.
236 4208 388 4275 praestare
402 4200 457 4264 Sc.-
477 4206 618 4275 praestan
631 4201 665 4265 P,
687 4206 837 4276 praestant
850 4215 906 4273 pao.
968 4200 1032 4255 193.
1048 4194 1138 4255 schol.
1148 4198 1263 4253 Laconi

161 4276 224 4345 Vll,
236 4276 295 4336 tot
315 4274 365 4333 ubi
384 4273 533 4333 incolimus
554 4280 581 4331 ot
598 4272 724 4333 fidicine.
