3025 4859
248 355 325 429 160
628 369 663 419 o.
680 365 769 419 rvnn
787 363 981 418 rvvunaurs

249 538 366 629 oppida
388 545 454 604 tota
477 559 589 604 canem
610 544 811 615 uenerantur,
833 555 928 601 nemo
951 530 1097 598 Dianam.

248 671 378 740 porrum
400 656 432 714 et
453 671 532 740 cepe
553 651 641 716 neias
663 646 785 715 edolare
808 654 839 712 et
860 646 1007 734 frangere
1028 662 1145 706 morsu.

250 783 270 826 o
293 769 418 826 sanctas
439 769 561 852 gentes,
584 758 698 849 quibus
719 755 800 824 haec
821 764 995 824 nascuntur
1016 753 1049 819 in
1071 749 1170 817 hortis

249 867 393 937 numina!
415 867 527 936 lanatis
550 869 737 936 animalibus
761 869 896 935 abstinet
919 865 1021 932 omnis

249 1004 368 1061 mensa,
389 981 479 1046 nefas
499 978 563 1046 illie
585 980 686 1046 letum
707 977 850 1070 iugulare
873 975 1024 1068 capellae,

249 1091 396 1159 carnibus
416 1090 560 1157 humanis
582 1091 670 1156 uesci
692 1088 776 1155 licet.
811 1090 943 1154 attonito
967 1109 1041 1154 curn

249 1199 312 1268 tale
334 1223 430 1292 super
452 1223 565 1268 cenam
588 1202 708 1267 lacinus
731 1207 871 1266 narraret
896 1195 1007 1264 Vlixes

249 1310 393 1391 Alcinoo,
414 1309 510 1376 bilem
533 1319 589 1377 aut
609 1311 708 1378 risum
732 1313 865 1378 sortasse
889 1309 1076 1399 quibusdam

249 1432 404 1504 mouerat,
427 1430 464 1488 ut
485 1401 623 1488 mendax
644 1421 834 1514 aretalogns.
861 1415 918 1486 “in
941 1441 1027 1487 mare
1049 1441 1143 1487 nemo

249 1531 333 1600 hunc
355 1531 450 1600 abicit
471 1555 568 1598 saeua
590 1531 720 1624 dignum
743 1555 882 1622 ueraque
906 1530 1078 1620 Charybdi,

250 1644 421 1736 lingentem
444 1644 578 1710 inmanis
600 1640 836 1735 Laestrygonas
859 1643 964 1734 adque
987 1637 1173 1732 Cyclopas?

248 1778 322 1822 nam
346 1756 436 1822 citius
459 1752 601 1844 Scyllam
625 1752 677 1821 uel
700 1755 920 1821 concurrentia
945 1774 1021 1819 saxa

251 1865 401 1955 Cyaneis,
424 1864 536 1956 plenos
559 1873 591 1931 et
612 1863 854 1956 tempestatibus
876 1874 963 1931 utres

250 1975 445 2055 crediderim,
468 1983 523 2041 aut
546 1976 633 2041 tenui
654 1999 842 2066 percussum
864 1975 998 2042 uerbere
1021 1974 1132 2042 Circes

250 2096 283 2154 et
305 2109 379 2154 curn
401 2086 572 2177 remigibus
594 2088 762 2178 grunnisse
783 2085 944 2178 Elpenora
967 2087 1081 2178 porcis.

251 2206 315 2264 tam
337 2199 430 2265 uacui
453 2197 565 2286 capitis
588 2196 742 2288 populum
766 2195 912 2264 Phaeaca
934 2191 1105 2288 putauit?”

249 2311 295 2375 sio
317 2307 429 2399 aliquis
453 2310 564 2375 merito
587 2306 729 2373 nondum
751 2305 857 2376 ebrius
881 2317 913 2376 et
934 2311 1099 2376 minimum
1121 2305 1175 2398 qui

249 2419 290 2487 de
312 2417 494 2510 Corcyraea
516 2426 672 2486 temetum
694 2418 829 2486 duxerat
850 2443 944 2503 urna3

249 2528 337 2597 solus
359 2532 443 2597 enim
465 2528 547 2597 haec
567 2526 693 2596 ithacus
715 2529 802 2597 nullo
826 2530 885 2598 sub
908 2539 989 2598 teste
1011 2530 1153 2599 canebat.

248 2663 308 2708 nos
331 2640 473 2708 miranda
496 2639 632 2729 quidem,
657 2648 706 2706 set
726 2663 829 2732 nuper
851 2641 982 2709 consule
1005 2641 1101 2710 lunco

248 2760 338 2844 gesta
362 2773 457 2842 super
479 2748 598 2816 calidae
619 2753 796 2817 reseremus
818 2751 943 2819 moenia
965 2752 1070 2843 Copti,

247 2885 309 2930 nos
331 2860 419 2952 uolgi
442 2860 548 2928 scelus
571 2869 603 2926 et
625 2863 747 2928 cunctis
770 2863 916 2952 grauiora
940 2861 1116 2945 cothurnis3

249 2994 323 3040 nam
346 2970 459 3052 scelus,
482 2993 499 3036 a
523 2968 624 3060 Pyrra
647 2995 841 3064 quamquam
863 2975 967 3041 omnia
992 2982 1131 3063 syrmata
1153 2969 1275 3054 uoluas,
1321 2983 1360 3038 30

247 3082 353 3151 nullus
376 3091 452 3173 aput
474 3083 612 3174 tragicos
633 3083 771 3176 populus
794 3085 876 3152 lacit.
915 3087 1024 3178 accipe
1045 3093 1155 3152 nostro

248 3299 277 3354 9.
299 3312 390 3371 caepe
409 3291 450 3365 rs.
529 3302 558 3351 et
578 3296 635 3360 Ρςε
655 3312 690 3350 ac
709 3313 744 3363 aa,
765 3302 814 3352 aut
835 3311 861 3362 ς.
949 3302 994 3354 10.
1017 3296 1086 3354 ortis
1107 3299 1141 3353 P.
1225 3299 1271 3356 16.
1294 3312 1361 3354 arc-

249 3373 362 3448 tologus
382 3388 407 3429 r.
490 3389 569 3428 mare
589 3389 673 3427 nemo
692 3389 753 3446 par:
774 3389 903 3448 maaque
923 3393 1006 3432 nemo
1027 3377 1061 3431 P.
1161 3377 1206 3432 17.
1228 3391 1361 3431 saeua—

249 3447 398 3524 Charybdi
417 3449 561 3505 Maian.
575 3451 643 3516 1⁷11,
657 3451 862 3524 ratapant.
989 3469 1059 3508 seua
1079 3454 1114 3522 P,
1133 3449 1231 3527 Scylla
1252 3449 1362 3508 Sabra-

248 3525 307 3583 der.
425 3525 544 3599 carybdi
564 3528 595 3583 S.
714 3529 761 3583 18.
783 3527 951 3586 inmanior.
1073 3528 1178 3603 Lasny
1198 3545 1269 3586 onas
1289 3529 1322 3584 S.

248 3611 278 3661 et
297 3601 409 3678 roofpg.
501 3605 547 3659 20.
570 3602 695 3678 Cyaneis
715 3599 809 3659 Prba:
831 3604 964 3679 Cyaneas
985 3604 1096 3666 ood.R.
1109 3545 1259 3682 Stepbuai
1281 3605 1360 3680 Cya-

247 3697 300 3736 nes
315 3697 350 3746 ω,
371 3679 491 3754 Cyanen
504 3681 687 3755 Donaqueiaa
696 3678 734 3736 ad
744 3678 800 3736 Sil.
812 3680 882 3739 rtet.
892 3684 941 3741 XI
943 3683 1048 3751 Vara,
1068 3682 1198 3741 Sicaneis
1209 3681 1360 3740 Sobrader.

247 3760 295 3814 21.
317 3757 438 3814 uerbere
456 3773 518 3830 pur:
539 3774 658 3814 ueruere
678 3759 711 3812 P.
800 3762 848 3815 22.
869 3757 1017 3836 Elpenora
1038 3777 1078 3817 tu:
1097 3759 1237 3838 Elpinora
1257 3763 1291 3827 P,
1311 3759 1359 3838 pi·

248 3850 320 3890 nora
340 3835 372 3900 S,
391 3831 560 3909 Elpbenora
579 3851 608 3908 p.
739 3837 788 3892 23.
809 3835 921 3912 pheaea
942 3839 977 3893 P.
1094 3839 1142 3895 24.
1163 3838 1312 3894 memerito
1332 3853 1359 3894 r.

248 3913 295 3968 25.
317 3927 454 3985 corcyrea
473 3911 531 3975 PS‚
554 3929 706 3985 corcyrrea
724 3929 753 3986 p.
853 3911 974 3970 drrxerat
993 3917 1031 3970 P:
1052 3913 1212 3973 deduxerat
1233 3931 1283 3982 aar,
1305 3911 1359 3970 de-

249 3985 363 4045 duxerit
380 4003 428 4062 9ς.
506 3990 554 4044 26.
575 3987 648 4045 baec
667 3986 768 4063 rfppg:
788 3988 834 4045 bic
854 3991 888 4057 P,
908 3990 964 4046 hoe
984 4009 1018 4047 ω.
1104 3995 1151 4049 27.
1172 3989 1260 4048 iunco
1280 3989 1361 4048 Prdb

248 4063 309 4122 cod.
320 4065 508 4122 Monacensis
518 4067 575 4122 408
588 4081 620 4131 ς;
640 4065 733 4121 Vioeo
754 4081 782 4136 ς,
803 4066 884 4122 lunio
905 4065 1023 4142 oesypo,
1044 4067 1129 4127 Vinio
1151 4087 1178 4136 o,
1198 4066 1269 4126 luno
1291 4085 1318 4135 ς.

146 4196 151 4203 .
246 4144 297 4200 28.
318 4141 442 4199 callidae
462 4143 498 4200 P.
558 4141 672 4220 Captae
691 4159 716 4200 r.
796 4147 844 4204 29.
865 4147 990 4202 coturnis
1004 4148 1063 4206 ΡΒ.
1141 4149 1189 4205 30.
1210 4145 1317 4226 pbyrra
1331 4163 1358 4204 r.

246 4221 295 4278 ³1.
315 4230 387 4298 aput
404 4221 479 4279 Par.
