3025 4859
253 364 331 443 sto
639 377 977 437 scflotrsvssrttttl.

340 547 426 638 [574
457 568 570 617 seems
592 548 843 640 sparserimus]
876 546 1096 618 membranam
1123 542 1367 615 mathemah'co-

254 680 327 728 rum
353 658 407 727 uel
432 667 577 727 actorum
609 659 807 742 diumnmm,
839 682 922 752 quae
948 684 992 729 ex
1020 658 1151 727 adsidua
1179 657 1368 725 tractatione

255 768 398 837 colorem
419 792 514 836 suum
536 771 671 837 mutauit
694 779 727 839 et
749 770 882 863 eplocea
905 772 989 837 facta
1010 778 1068 837 est

338 880 412 947 575.
437 901 651 949 cousvmnva.
671 881 704 948 id
727 890 784 963 est,
806 883 876 974 ipsa
898 880 1074 948 consulitur
1095 881 1207 973 magis.

229 1006 243 1049 ⁶
340 990 412 1057 576.
449 1012 513 1059 unu
534 1014 600 1059 issa
621 1014 771 1060 enarrer.
809 1000 846 1059 ut
865 992 1009 1083 praescia
1030 992 1127 1058 futuri
1147 987 1281 1083 periculi
1301 1008 1369 1057 non

257 1107 309 1167 eat
341 1122 415 1168 cum
446 1124 506 1170 suo
541 1103 653 1169 marito
681 1103 722 1168 ad
751 1111 855 1169 castra
883 1102 1001 1169 meanti
1037 1101 1280 1193 peregrinamue
1309 1120 1366 1191 pa·

256 1210 358 1277 triam.
462 1212 648 1283 'faursnau
672 1210 848 1281 Thrasillus
870 1212 1043 1279 multarum
1064 1213 1178 1279 artium
1200 1210 1369 1279 scientiam

256 1322 419 1412 professus
459 1332 621 1413 postremo
650 1347 685 1391 se
713 1325 801 1392 dedit
829 1322 1013 1391 Platonicae
1046 1330 1154 1389 sectae
1185 1346 1224 1390 ac
1253 1321 1369 1389 deinde

257 1432 401 1501 mathesi.
424 1435 541 1523 inqua
563 1437 733 1525 praecipue
760 1436 863 1527 uiguit
884 1434 969 1525 apud
990 1431 1170 1514 Tiberium,
1198 1454 1274 1501 cum
1301 1451 1369 1522 quo

218 1544 318 1612 sosub
345 1543 469 1612 honore
495 1546 642 1613 eiusdem
674 1547 749 1613 artis
785 1544 978 1612 familiariter
1008 1544 1098 1610 uixit
1131 1566 1229 1636 quem
1254 1550 1370 1634 postea

256 1653 403 1723 Tiberius
425 1656 457 1721 in
479 1655 580 1722 insula
595 1652 687 1723 Rodo
710 1656 920 1747 praecipitare
934 1653 1036 1721 uoluit
1049 1656 1081 1721 in
1096 1652 1257 1746 pelagum,
1277 1652 1371 1745 quasi

257 1767 421 1835 conscium
449 1767 624 1858 promissae
652 1764 883 1835 dominationis.
915 1787 1012 1858 quem
1037 1762 1148 1832 dolum
1173 1788 1248 1833 cum
1274 1786 1370 1855 prae-

255 1879 363 1960 sensit,
386 1876 475 1968 fugit.

341 1990 415 2057 577.
448 2008 490 2053 sn
512 2006 641 2053 euruvsr
662 2007 769 2054 cuein.
805 1988 833 2055 si
862 1985 980 2078 gestari
1006 1984 1158 2067 uoluerit,
1185 1984 1299 2055 horam
1325 2008 1370 2053 ex

219 2118 246 2163 ss
259 2099 357 2192 siguis
379 2097 467 2191 eligit
487 2098 740 2164 conuenientem.

267 2268 270 2275 .
343 2210 416 2277 579.
438 2230 587 2275 suovnvs
609 2230 766 2275 mserum
788 2231 884 2276 seue.
907 2210 978 2277 etsi
991 2208 1104 2277 oculus
1118 2205 1235 2291 doleat,
1255 2208 1371 2278 horam

258 2327 291 2387 et
312 2317 457 2388 colirium
479 2342 520 2385 ex
542 2317 714 2386 efemeride
736 2320 862 2411 promit.

342 2431 415 2497 580.
448 2452 554 2497 anuas
577 2450 675 2495 nicar
697 2452 823 2497 racem.
859 2430 945 2519 [581.
968 2454 1087 2500 aaaron
1108 2433 1220 2521 nona}
1249 2455 1369 2501 conue-

256 2541 347 2609 niens
370 2562 435 2621 ora‚
463 2549 500 2608 ut
521 2546 637 2632 gustet
746 2540 936 2610 Perossars.
967 2540 1049 2609 alter
1069 2552 1183 2611 auctor
1205 2544 1281 2610 artis
1301 2566 1371 2611 ma·

219 2652 456 2728 anthematices.

344 2762 418 2830 582.
454 2784 482 2829 sr
503 2784 688 2831 neurocms.
726 2765 753 2831 si
779 2785 902 2857 pauper
924 2763 982 2830 erit
1003 2761 1118 2831 mulier
1139 2765 1370 2857 superstitiosa,

257 2877 291 2945 in
313 2874 399 2944 circo
421 2872 544 2963 quaerit
565 2896 646 2964 quos
670 2873 824 2941 consulat.
854 2875 898 2943 ibi
918 2870 993 2942 nim
1014 2882 1107 2942 antea
1122 2896 1303 2968 proponere
1318 2896 1371 2943 so-

258 2986 367 3056 lebant
387 2983 481 3051 huius
502 2984 577 3050 artis
598 2985 807 3076 professores.

345 3094 419 3162 583.
441 3116 602 3163 unrsavu
623 3118 666 3162 er
689 3120 715 3163 s.
744 3093 829 3185 [584.
852 3095 1025 3185 roerst.
1052 3096 1117 3164 oris
1138 3096 1242 3188 pressi
1262 3116 1371 3176 sonus,

262 3386 288 3441 1.
303 3372 494 3437 ‘ammiralios
503 3376 775 3439 nauticusuticorum
786 3380 835 3436 uel
847 3387 931 3438 nctus
941 3378 1061 3439 diurnos
1072 3372 1165 3437 dicit?
1189 3383 1223 3436 V.
1281 3396 1372 3435 mem·

260 3460 350 3515 brana
370 3458 428 3514 ΡΒ.
451 3474 525 3513 cors.
546 3456 573 3513 l.
656 3464 684 3513 2.
707 3468 737 3513 nt
761 3460 817 3515 PS.
839 3474 911 3514 corr.
934 3476 960 3515 s.
985 3458 1023 3513 ad
1045 3460 1210 3515 Herminius.
1289 3465 1372 3512 actos

262 3534 379 3591 diurnos
399 3534 457 3591 PS.
479 3550 551 3590 corr.
573 3552 597 3591 s.
676 3538 704 3591 3.
726 3544 754 3591 et
779 3553 883 3591 crocea
907 3534 1072 3592 &almucias
1095 3533 1136 3591 ud
1162 3536 1276 3608 Vopisc-
1342 3540 1373 3590 et

261 3612 383 3687 glauces
407 3608 550 3681 lisrfresue
568 3612 600 3667 iu
618 3610 705 3684 pluas.
725 3630 750 3668 s.
772 3630 802 3668 u.
824 3622 853 3669 et
871 3631 948 3688 pene
968 3631 1071 3669 crocea
1094 3614 1124 3668 (ἕ.
1148 3610 1250 3669 Burtlo.
1276 3619 1308 3667 et
1327 3609 1373 3668 ef·

261 3688 385 3745 floccida
404 3684 637 3759 Solnrtzfleisolo.
663 3697 692 3747 et
711 3688 859 3766 pellucido
878 3692 1048 3745 flsuuiuius.
1068 3696 1099 3746 et
1117 3690 1270 3766 epicrocea
1290 3704 1314 3743 c.

262 3770 291 3825 6.
311 3766 410 3842 peanti
429 3766 487 3821 ΡΒ.
508 3782 584 3823 corr.
604 3782 628 3821 a.
713 3772 760 3823 10.
780 3766 974 3822 familiaritate
995 3767 1066 3821 arisit
1084 3776 1187 3843 postea
1207 3783 1293 3839 quem
1313 3764 1372 3821 Ρ8.

262 3860 335 3902 corr.
355 3860 385 3918 p.
522 3846 568 3898 12.
590 3844 768 3918 praemissae
788 3845 846 3900 Ps.
866 3860 940 3900 corr.
960 3861 990 3916 p.
1112 3842 1324 3918 praesensisset
1342 3858 1373 3915 p.

262 3920 309 3980 14.
331 3928 444 3995 gestare
464 3921 522 3976 Ρ8.
538 3937 610 3977 corr.
624 3938 653 3993 p.
731 3924 777 3977 17.
798 3919 909 3977 eferide
928 3922 988 3976 ΡΒ.
1001 3937 1112 3994 occup.
1189 3922 1237 3975 20.
1258 3917 1373 3975 matfre-

261 3998 373 4055 maricis
393 3999 451 4053 PS.
473 4014 543 4053 corr.
564 4014 594 4071 p.
653 4000 700 4053 22.
721 4006 841 4071 qrraeret
860 3993 1091 4068 Solitartzlleisolt.
1150 3994 1374 4071 responderes.

256 4068 339 4150 ‘quin
363 4072 564 4141 circulatores,
594 4072 677 4129 uelut
700 4072 813 4130 Probus
842 4076 951 4148 iuquit,
981 4072 1034 4130 ltoc
1063 4074 1266 4129 consueuerint
1290 4069 1375 4127 nilli-

262 4150 338 4221 iare,
364 4159 398 4209 ut
422 4148 539 4207 delectis
562 4148 617 4207 sibi
641 4148 709 4207 locis
732 4148 841 4208 doura
866 4168 913 4208 sos
937 4148 1056 4207 accusat
1084 4149 1115 4207 id
1142 4156 1187 4205 est
1217 4150 1377 4206 circumsita

262 4226 362 4289 wude
379 4244 432 4304 por
452 4233 501 4284 eos
519 4233 613 4284 sortes
632 4225 663 4283 id
682 4234 723 4285 est
743 4226 863 4286 tuaillm
877 4230 1011 4286 iootttuu
1028 4243 1082 4303 quo
1094 4224 1199 4285 exinde
1214 4224 1378 4304 quadruos
