<?xml version="1.0" encoding="UTF-8"?>
<!DOCTYPE html PUBLIC "-//W3C//DTD XHTML 1.0 Transitional//EN"
    "http://www.w3.org/TR/xhtml1/DTD/xhtml1-transitional.dtd">
<html xmlns="http://www.w3.org/1999/xhtml" xml:lang="en" lang="en">
 <head>
  <title>
</title>
<meta http-equiv="Content-Type" content="text/html;charset=utf-8" />
  <meta name='ocr-system' content='tesseract 3.04.00' />
  <meta name='ocr-capabilities' content='ocr_page ocr_carea ocr_par ocr_line ocrx_word'/>
</head>
<body>
  <div class='ocr_page' id='page_1' title='image "./diuniiiuvenalis00jahngoog_0384.png"; bbox 0 0 3025 4859; ppageno 0'>
   <div class='ocr_carea' id='block_1_1' title="bbox 256 374 985 448">
    <p class='ocr_par' dir='ltr' id='par_1_1' title="bbox 256 374 985 448">
     <span class='ocr_line' id='line_1_1' title="bbox 256 374 985 448; baseline -0.007 0"><span class='ocrx_word' id='word_1_1' title='bbox 256 374 332 448; x_wconf 86' lang='grc'><strong>190</strong></span> <span class='ocrx_word' id='word_1_2' title='bbox 644 390 807 445; x_wconf 81' lang='lat' dir='ltr'><strong>scuoum</strong></span> <span class='ocrx_word' id='word_1_3' title='bbox 826 391 985 446; x_wconf 79' lang='lat' dir='ltr'><strong>rurum.</strong></span> 
     </span>
    </p>
   </div>
   <div class='ocr_carea' id='block_1_2' title="bbox 215 557 1369 2969">
    <p class='ocr_par' dir='ltr' id='par_1_2' title="bbox 248 557 1366 961">
     <span class='ocr_line' id='line_1_2' title="bbox 340 557 1366 654; baseline 0 -28"><span class='ocrx_word' id='word_1_4' title='bbox 340 559 392 626; x_wconf 90' lang='grc'><strong>65.</strong></span> <span class='ocrx_word' id='word_1_5' title='bbox 414 560 595 628; x_wconf 78' lang='lat' dir='ltr'><strong>Ssorcrore</strong></span> <span class='ocrx_word' id='word_1_6' title='bbox 617 585 646 638; x_wconf 82' lang='lat' dir='ltr'><strong>o.</strong></span> <span class='ocrx_word' id='word_1_7' title='bbox 662 587 692 630; x_wconf 81' lang='lat' dir='ltr'><strong>u.</strong></span> <span class='ocrx_word' id='word_1_8' title='bbox 707 585 736 628; x_wconf 86' lang='lat' dir='ltr'><strong>s.</strong></span> <span class='ocrx_word' id='word_1_9' title='bbox 751 585 782 630; x_wconf 82' lang='grc' dir='ltr'><strong>ι..</strong></span> <span class='ocrx_word' id='word_1_10' title='bbox 806 565 860 654; x_wconf 93' lang='lat' dir='ltr'><strong>qui</strong></span> <span class='ocrx_word' id='word_1_11' title='bbox 883 559 941 630; x_wconf 91' lang='lat' dir='ltr'><strong>sub</strong></span> <span class='ocrx_word' id='word_1_12' title='bbox 964 567 1134 654; x_wconf 85' lang='lat' dir='ltr'><strong>praetextu</strong></span> <span class='ocrx_word' id='word_1_13' title='bbox 1145 557 1366 652; x_wconf 85' lang='lat' dir='ltr'><strong>philosophiae</strong></span> 
     </span>
     <span class='ocr_line' id='line_1_3' title="bbox 252 671 1366 760; baseline 0 -22"><span class='ocrx_word' id='word_1_14' title='bbox 252 671 413 738; x_wconf 82' lang='lat' dir='ltr'><strong>infamiam</strong></span> <span class='ocrx_word' id='word_1_15' title='bbox 443 682 603 741; x_wconf 77' lang='lat' dir='ltr'><strong>exercent.</strong></span> <span class='ocrx_word' id='word_1_16' title='bbox 649 678 725 760; x_wconf 81' lang='lat' dir='ltr'><strong>(nou</strong></span> <span class='ocrx_word' id='word_1_17' title='bbox 747 697 886 744; x_wconf 80' lang='lat' dir='ltr'><strong>rrcrsur</strong></span> <span class='ocrx_word' id='word_1_18' title='bbox 908 679 995 760; x_wconf 80' lang='lat' dir='ltr'><strong>anu.)</strong></span> <span class='ocrx_word' id='word_1_19' title='bbox 1024 674 1099 742; x_wconf 91' lang='lat' dir='ltr'><strong>dicit</strong></span> <span class='ocrx_word' id='word_1_20' title='bbox 1126 671 1366 753; x_wconf 80' lang='lat' dir='ltr'><strong>contumeliose,</strong></span> 
     </span>
     <span class='ocr_line' id='line_1_4' title="bbox 253 779 1364 877; baseline 0.002 -27"><span class='ocrx_word' id='word_1_21' title='bbox 253 790 290 850; x_wconf 88' lang='lat' dir='ltr'><strong>ut</strong></span> <span class='ocrx_word' id='word_1_22' title='bbox 312 780 463 874; x_wconf 71' lang='lat' dir='ltr'><strong>Virgilius</strong></span> <span class='ocrx_word' id='word_1_23' title='bbox 487 784 578 871; x_wconf 79' lang='lat' dir='ltr'><strong>[Aeo.</strong></span> <span class='ocrx_word' id='word_1_24' title='bbox 592 782 648 866; x_wconf 93' lang='lat' dir='ltr'><strong>lX,</strong></span> <span class='ocrx_word' id='word_1_25' title='bbox 660 786 755 875; x_wconf 74' lang='lat'><strong>6171:</strong></span> <span class='ocrx_word' id='word_1_26' title='bbox 782 782 825 852; x_wconf 84' lang='lat'><strong>‘0</strong></span> <span class='ocrx_word' id='word_1_27' title='bbox 850 807 926 852; x_wconf 88' lang='lat' dir='ltr'><strong>uere</strong></span> <span class='ocrx_word' id='word_1_28' title='bbox 949 779 1063 877; x_wconf 71' lang='lat' dir='ltr'><strong>Frigii?</strong></span> <span class='ocrx_word' id='word_1_29' title='bbox 1108 782 1237 852; x_wconf 85' lang='lat' dir='ltr'><strong>Persius</strong></span> <span class='ocrx_word' id='word_1_30' title='bbox 1261 781 1364 874; x_wconf 83' lang='lat' dir='ltr'><strong>[t,4]:</strong></span> 
     </span>
     <span class='ocr_line' id='line_1_5' title="bbox 248 888 436 961; baseline 0.016 -3"><span class='ocrx_word' id='word_1_31' title='bbox 248 888 436 961; x_wconf 79' lang='lat' dir='ltr'><strong>‘Troiades&#39;</strong></span> 
     </span>
    </p>

    <p class='ocr_par' dir='ltr' id='par_1_3' title="bbox 228 1005 1367 1218">
     <span class='ocr_line' id='line_1_6' title="bbox 228 1005 1367 1085; baseline 0.001 -14"><span class='ocrx_word' id='word_1_32' title='bbox 228 1021 242 1062; x_wconf 78' lang='lat'><strong>⁶</strong></span> <span class='ocrx_word' id='word_1_33' title='bbox 340 1006 390 1071; x_wconf 91' lang='grc'><strong>66.</strong></span> <span class='ocrx_word' id='word_1_34' title='bbox 418 1027 578 1076; x_wconf 79' lang='lat' dir='ltr'><strong>uvnrrcrr</strong></span> <span class='ocrx_word' id='word_1_35' title='bbox 601 1032 713 1075; x_wconf 84' lang='lat' dir='ltr'><strong>svurs.</strong></span> <span class='ocrx_word' id='word_1_36' title='bbox 736 1016 844 1076; x_wconf 89' lang='lat' dir='ltr'><strong>uestes</strong></span> <span class='ocrx_word' id='word_1_37' title='bbox 866 1005 1004 1076; x_wconf 90' lang='lat' dir='ltr'><strong>molliori</strong></span> <span class='ocrx_word' id='word_1_38' title='bbox 1026 1016 1131 1076; x_wconf 85' lang='lat' dir='ltr'><strong>textas</strong></span> <span class='ocrx_word' id='word_1_39' title='bbox 1147 1005 1206 1074; x_wconf 88' lang='lat' dir='ltr'><strong>sub</strong></span> <span class='ocrx_word' id='word_1_40' title='bbox 1224 1006 1367 1085; x_wconf 87' lang='lat' dir='ltr'><strong>stamine,</strong></span> 
     </span>
     <span class='ocr_line' id='line_1_7' title="bbox 254 1114 718 1218; baseline 0.002 -37"><span class='ocrx_word' id='word_1_41' title='bbox 254 1114 367 1205; x_wconf 89' lang='lat' dir='ltr'><strong>quibus</strong></span> <span class='ocrx_word' id='word_1_42' title='bbox 391 1116 495 1184; x_wconf 92' lang='lat' dir='ltr'><strong>solent</strong></span> <span class='ocrx_word' id='word_1_43' title='bbox 517 1120 563 1186; x_wconf 90' lang='lat' dir='ltr'><strong>uti</strong></span> <span class='ocrx_word' id='word_1_44' title='bbox 584 1117 718 1218; x_wconf 84' lang='lat' dir='ltr'><strong>puellae.</strong></span> 
     </span>
    </p>

    <p class='ocr_par' dir='ltr' id='par_1_4' title="bbox 254 1225 1365 1426">
     <span class='ocr_line' id='line_1_8' title="bbox 340 1225 1365 1300; baseline 0.001 -7"><span class='ocrx_word' id='word_1_45' title='bbox 340 1228 391 1294; x_wconf 92' lang='grc'><strong>68.</strong></span> <span class='ocrx_word' id='word_1_46' title='bbox 414 1225 447 1296; x_wconf 87' lang='grc'><strong>16</strong></span> <span class='ocrx_word' id='word_1_47' title='bbox 469 1227 654 1298; x_wconf 74' lang='lat' dir='ltr'><strong>Procvurs.</strong></span> <span class='ocrx_word' id='word_1_48' title='bbox 678 1231 710 1297; x_wconf 91' lang='lat' dir='ltr'><strong>in</strong></span> <span class='ocrx_word' id='word_1_49' title='bbox 732 1231 926 1298; x_wconf 86' lang='lat' dir='ltr'><strong>criminosas.</strong></span> <span class='ocrx_word' id='word_1_50' title='bbox 1024 1253 1179 1300; x_wconf 74' lang='grc'><strong>,666661</strong></span> <span class='ocrx_word' id='word_1_51' title='bbox 1202 1229 1365 1298; x_wconf 79' lang='lat' dir='ltr'><strong>Fasvnnr.</strong></span> 
     </span>
     <span class='ocr_line' id='line_1_9' title="bbox 254 1338 868 1426; baseline 0 -20"><span class='ocrx_word' id='word_1_52' title='bbox 254 1338 444 1407; x_wconf 90' lang='lat' dir='ltr'><strong>decentum</strong></span> <span class='ocrx_word' id='word_1_53' title='bbox 468 1363 528 1408; x_wconf 85' lang='grc'><strong>666</strong></span> <span class='ocrx_word' id='word_1_54' title='bbox 551 1342 605 1425; x_wconf 84' lang='lat' dir='ltr'><strong>(de</strong></span> <span class='ocrx_word' id='word_1_55' title='bbox 627 1339 868 1426; x_wconf 76' lang='lat' dir='ltr'><strong>meretricibus).</strong></span> 
     </span>
    </p>

    <p class='ocr_par' dir='ltr' id='par_1_5' title="bbox 338 1449 1368 1544">
     <span class='ocr_line' id='line_1_10' title="bbox 338 1449 1368 1544; baseline 0.002 -28"><span class='ocrx_word' id='word_1_56' title='bbox 338 1453 389 1518; x_wconf 90' lang='lat'><strong>71.</strong></span> <span class='ocrx_word' id='word_1_57' title='bbox 422 1475 548 1520; x_wconf 80' lang='lat' dir='ltr'><strong>rssrvo</strong></span> <span class='ocrx_word' id='word_1_58' title='bbox 569 1449 689 1520; x_wconf 86' lang='lat' dir='ltr'><strong>Nvovs</strong></span> <span class='ocrx_word' id='word_1_59' title='bbox 711 1475 801 1519; x_wconf 74' lang='lat' dir='ltr'><strong>nors.</strong></span> <span class='ocrx_word' id='word_1_60' title='bbox 840 1452 943 1519; x_wconf 90' lang='lat' dir='ltr'><strong>minus</strong></span> <span class='ocrx_word' id='word_1_61' title='bbox 970 1449 1096 1520; x_wconf 83' lang='lat' dir='ltr'><strong>nuditas</strong></span> <span class='ocrx_word' id='word_1_62' title='bbox 1124 1473 1220 1544; x_wconf 87' lang='lat' dir='ltr'><strong>quam</strong></span> <span class='ocrx_word' id='word_1_63' title='bbox 1242 1451 1368 1520; x_wconf 84' lang='lat' dir='ltr'><strong>infamis</strong></span> 
     </span>
    </p>

    <p class='ocr_par' dir='ltr' id='par_1_6' title="bbox 215 1562 615 1656">
     <span class='ocr_line' id='line_1_11' title="bbox 215 1562 615 1656; baseline 0.008 -31"><span class='ocrx_word' id='word_1_64' title='bbox 215 1562 424 1656; x_wconf 81' lang='lat' dir='ltr'><strong>roignominia</strong></span> <span class='ocrx_word' id='word_1_65' title='bbox 446 1562 615 1631; x_wconf 86' lang='lat' dir='ltr'><strong>deridetur.</strong></span> 
     </span>
    </p>

    <p class='ocr_par' dir='ltr' id='par_1_7' title="bbox 339 1672 959 1743">
     <span class='ocr_line' id='line_1_12' title="bbox 339 1672 959 1743; baseline 0.002 -5"><span class='ocrx_word' id='word_1_66' title='bbox 339 1672 389 1739; x_wconf 90' lang='lat'><strong>73.</strong></span> <span class='ocrx_word' id='word_1_67' title='bbox 412 1674 632 1743; x_wconf 77' lang='lat' dir='ltr'><strong>Vvuuenrovs.</strong></span> <span class='ocrx_word' id='word_1_68' title='bbox 655 1673 837 1742; x_wconf 86' lang='lat' dir='ltr'><strong>recentibus</strong></span> <span class='ocrx_word' id='word_1_69' title='bbox 859 1672 959 1742; x_wconf 90' lang='lat' dir='ltr'><strong>bellis.</strong></span> 
     </span>
    </p>

    <p class='ocr_par' dir='ltr' id='par_1_8' title="bbox 338 1785 1366 1875">
     <span class='ocr_line' id='line_1_13' title="bbox 338 1785 1366 1875; baseline 0 -23"><span class='ocrx_word' id='word_1_70' title='bbox 338 1785 388 1852; x_wconf 88' lang='grc'><strong>75.</strong></span> <span class='ocrx_word' id='word_1_71' title='bbox 411 1810 487 1864; x_wconf 80' lang='lat' dir='ltr'><strong>ovio</strong></span> <span class='ocrx_word' id='word_1_72' title='bbox 510 1808 574 1855; x_wconf 83' lang='grc'><strong>666</strong></span> <span class='ocrx_word' id='word_1_73' title='bbox 595 1808 785 1854; x_wconf 66' lang='lat' dir='ltr'><strong>Procerum</strong></span> <span class='ocrx_word' id='word_1_74' title='bbox 807 1807 840 1853; x_wconf 81' lang='lat' dir='ltr'><strong>m</strong></span> <span class='ocrx_word' id='word_1_75' title='bbox 863 1808 1010 1855; x_wconf 80' lang='lat' dir='ltr'><strong>corrone</strong></span> <span class='ocrx_word' id='word_1_76' title='bbox 1035 1785 1143 1875; x_wconf 77' lang='lat' dir='ltr'><strong>[rsrrl.</strong></span> <span class='ocrx_word' id='word_1_77' title='bbox 1166 1787 1366 1854; x_wconf 84' lang='lat' dir='ltr'><strong>uestimenta.</strong></span> 
     </span>
    </p>

    <p class='ocr_par' dir='ltr' id='par_1_9' title="bbox 254 1897 1368 2099">
     <span class='ocr_line' id='line_1_14' title="bbox 336 1897 1368 1979; baseline 0.004 -17"><span class='ocrx_word' id='word_1_78' title='bbox 336 1899 387 1962; x_wconf 90' lang='grc'><strong>76.</strong></span> <span class='ocrx_word' id='word_1_79' title='bbox 410 1921 568 1967; x_wconf 77' lang='lat' dir='ltr'><strong>uvrrrcrr</strong></span> <span class='ocrx_word' id='word_1_80' title='bbox 590 1921 728 1964; x_wconf 82' lang='lat' dir='ltr'><strong>rssreu.</strong></span> <span class='ocrx_word' id='word_1_81' title='bbox 761 1897 794 1964; x_wconf 93' lang='lat' dir='ltr'><strong>id</strong></span> <span class='ocrx_word' id='word_1_82' title='bbox 818 1906 877 1979; x_wconf 89' lang='lat' dir='ltr'><strong>est,</strong></span> <span class='ocrx_word' id='word_1_83' title='bbox 906 1898 932 1964; x_wconf 93' lang='lat' dir='ltr'><strong>si</strong></span> <span class='ocrx_word' id='word_1_84' title='bbox 954 1897 1171 1965; x_wconf 89' lang='lat' dir='ltr'><strong>testimonium</strong></span> <span class='ocrx_word' id='word_1_85' title='bbox 1193 1897 1368 1966; x_wconf 85' lang='lat' dir='ltr'><strong>admittitur</strong></span> 
     </span>
     <span class='ocr_line' id='line_1_15' title="bbox 254 2007 798 2099; baseline -0.009 -22"><span class='ocrx_word' id='word_1_86' title='bbox 254 2007 356 2090; x_wconf 89' lang='lat' dir='ltr'><strong>huius,</strong></span> <span class='ocrx_word' id='word_1_87' title='bbox 379 2010 433 2099; x_wconf 90' lang='lat' dir='ltr'><strong>qui</strong></span> <span class='ocrx_word' id='word_1_88' title='bbox 456 2007 503 2075; x_wconf 88' lang='lat' dir='ltr'><strong>lris</strong></span> <span class='ocrx_word' id='word_1_89' title='bbox 525 2008 668 2076; x_wconf 87' lang='lat' dir='ltr'><strong>uestibus</strong></span> <span class='ocrx_word' id='word_1_90' title='bbox 689 2008 798 2074; x_wconf 89' lang='lat' dir='ltr'><strong>utitur.</strong></span> 
     </span>
    </p>

    <p class='ocr_par' dir='ltr' id='par_1_10' title="bbox 216 2117 1368 2435">
     <span class='ocr_line' id='line_1_16' title="bbox 216 2117 1368 2214; baseline 0.003 -28"><span class='ocrx_word' id='word_1_91' title='bbox 216 2133 243 2174; x_wconf 77' lang='lat'><strong>¹⁵</strong></span> <span class='ocrx_word' id='word_1_92' title='bbox 341 2120 391 2186; x_wconf 88' lang='grc'><strong>78.</strong></span> <span class='ocrx_word' id='word_1_93' title='bbox 415 2118 575 2186; x_wconf 81' lang='lat' dir='ltr'><strong>Cnsrrce.</strong></span> <span class='ocrx_word' id='word_1_94' title='bbox 604 2117 667 2186; x_wconf 90' lang='lat' dir='ltr'><strong>hoe</strong></span> <span class='ocrx_word' id='word_1_95' title='bbox 689 2117 818 2184; x_wconf 88' lang='lat' dir='ltr'><strong>nomine</strong></span> <span class='ocrx_word' id='word_1_96' title='bbox 840 2119 893 2186; x_wconf 90' lang='lat' dir='ltr'><strong>uel</strong></span> <span class='ocrx_word' id='word_1_97' title='bbox 916 2120 1088 2211; x_wconf 86' lang='lat' dir='ltr'><strong>quemlibet</strong></span> <span class='ocrx_word' id='word_1_98' title='bbox 1109 2119 1247 2188; x_wconf 91' lang='lat' dir='ltr'><strong>nobilem</strong></span> <span class='ocrx_word' id='word_1_99' title='bbox 1270 2122 1368 2214; x_wconf 85' lang='lat' dir='ltr'><strong>signi·</strong></span> 
     </span>
     <span class='ocr_line' id='line_1_17' title="bbox 257 2227 1368 2321; baseline 0.001 -23"><span class='ocrx_word' id='word_1_100' title='bbox 257 2229 339 2312; x_wconf 86' lang='lat' dir='ltr'><strong>licat,</strong></span> <span class='ocrx_word' id='word_1_101' title='bbox 361 2229 415 2298; x_wconf 91' lang='lat' dir='ltr'><strong>uel</strong></span> <span class='ocrx_word' id='word_1_102' title='bbox 435 2227 548 2298; x_wconf 92' lang='lat' dir='ltr'><strong>lulium</strong></span> <span class='ocrx_word' id='word_1_103' title='bbox 571 2227 745 2310; x_wconf 83' lang='lat' dir='ltr'><strong>Creticum,</strong></span> <span class='ocrx_word' id='word_1_104' title='bbox 768 2231 822 2321; x_wconf 91' lang='lat' dir='ltr'><strong>qui</strong></span> <span class='ocrx_word' id='word_1_105' title='bbox 844 2229 903 2298; x_wconf 89' lang='lat' dir='ltr'><strong>sub</strong></span> <span class='ocrx_word' id='word_1_106' title='bbox 919 2229 1112 2300; x_wconf 84' lang='lat' dir='ltr'><strong>Caesaribus</strong></span> <span class='ocrx_word' id='word_1_107' title='bbox 1127 2230 1276 2302; x_wconf 89' lang='lat' dir='ltr'><strong>inlustres</strong></span> <span class='ocrx_word' id='word_1_108' title='bbox 1292 2255 1368 2302; x_wconf 91' lang='lat' dir='ltr'><strong>oau-</strong></span> 
     </span>
     <span class='ocr_line' id='line_1_18' title="bbox 257 2343 404 2435; baseline -0.02 -24"><span class='ocrx_word' id='word_1_109' title='bbox 257 2366 309 2412; x_wconf 84' lang='lat' dir='ltr'><strong>sas</strong></span> <span class='ocrx_word' id='word_1_110' title='bbox 331 2343 404 2435; x_wconf 86' lang='lat' dir='ltr'><strong>egit.</strong></span> 
     </span>
    </p>

    <p class='ocr_par' dir='ltr' id='par_1_11' title="bbox 258 2453 1369 2658">
     <span class='ocr_line' id='line_1_19' title="bbox 340 2453 1369 2548; baseline 0.002 -28"><span class='ocrx_word' id='word_1_111' title='bbox 340 2456 390 2521; x_wconf 85' lang='lat'><strong>79.</strong></span> <span class='ocrx_word' id='word_1_112' title='bbox 413 2477 457 2522; x_wconf 83' lang='lat' dir='ltr'><strong>nr</strong></span> <span class='ocrx_word' id='word_1_113' title='bbox 478 2475 576 2521; x_wconf 74' lang='lat' dir='ltr'><strong>oraru</strong></span> <span class='ocrx_word' id='word_1_114' title='bbox 598 2475 631 2521; x_wconf 81' lang='lat' dir='ltr'><strong>nr</strong></span> <span class='ocrx_word' id='word_1_115' title='bbox 651 2477 786 2522; x_wconf 72' lang='lat' dir='ltr'><strong>rivaus.</strong></span> <span class='ocrx_word' id='word_1_116' title='bbox 819 2479 876 2548; x_wconf 90' lang='lat' dir='ltr'><strong>per</strong></span> <span class='ocrx_word' id='word_1_117' title='bbox 900 2462 941 2536; x_wconf 87' lang='lat' dir='ltr'><strong>te,</strong></span> <span class='ocrx_word' id='word_1_118' title='bbox 970 2455 1079 2546; x_wconf 92' lang='lat' dir='ltr'><strong>inquit,</strong></span> <span class='ocrx_word' id='word_1_119' title='bbox 1103 2454 1241 2538; x_wconf 87' lang='lat' dir='ltr'><strong>Cretice‚</strong></span> <span class='ocrx_word' id='word_1_120' title='bbox 1263 2453 1369 2524; x_wconf 90' lang='lat' dir='ltr'><strong>etalii</strong></span> 
     </span>
     <span class='ocr_line' id='line_1_20' title="bbox 258 2574 512 2658; baseline -0.028 -22"><span class='ocrx_word' id='word_1_121' title='bbox 258 2574 512 2658; x_wconf 88' lang='lat' dir='ltr'><strong>corrumpuntur.</strong></span> 
     </span>
    </p>

    <p class='ocr_par' dir='ltr' id='par_1_12' title="bbox 217 2673 1366 2969">
     <span class='ocr_line' id='line_1_21' title="bbox 217 2673 1366 2771; baseline 0.004 -31"><span class='ocrx_word' id='word_1_122' title='bbox 217 2698 245 2740; x_wconf 84' lang='lat' dir='ltr'><strong>ro</strong></span> <span class='ocrx_word' id='word_1_123' title='bbox 340 2677 392 2743; x_wconf 92' lang='grc'><strong>81.</strong></span> <span class='ocrx_word' id='word_1_124' title='bbox 414 2673 552 2755; x_wconf 77' lang='lat' dir='ltr'><strong>erovu</strong></span> <span class='ocrx_word' id='word_1_125' title='bbox 575 2700 763 2747; x_wconf 74' lang='lat' dir='ltr'><strong>cousrscsr</strong></span> <span class='ocrx_word' id='word_1_126' title='bbox 786 2699 942 2748; x_wconf 80' lang='lat' dir='ltr'><strong>mvonerr.</strong></span> <span class='ocrx_word' id='word_1_127' title='bbox 966 2686 998 2744; x_wconf 87' lang='lat' dir='ltr'><strong>et</strong></span> <span class='ocrx_word' id='word_1_128' title='bbox 1009 2676 1160 2771; x_wconf 84' lang='lat' dir='ltr'><strong>Virgilius</strong></span> <span class='ocrx_word' id='word_1_129' title='bbox 1177 2678 1248 2767; x_wconf 90' lang='lat' dir='ltr'><strong>[ecl.</strong></span> <span class='ocrx_word' id='word_1_130' title='bbox 1260 2677 1366 2769; x_wconf 79' lang='lat'>1,51]:</span> 
     </span>
     <span class='ocr_line' id='line_1_22' title="bbox 251 2782 1366 2883; baseline 0.002 -27"><span class='ocrx_word' id='word_1_131' title='bbox 251 2782 307 2856; x_wconf 87' lang='lat' dir='ltr'><strong>‘ne</strong></span> <span class='ocrx_word' id='word_1_132' title='bbox 328 2787 413 2855; x_wconf 84' lang='lat' dir='ltr'><strong>mala</strong></span> <span class='ocrx_word' id='word_1_133' title='bbox 434 2789 530 2856; x_wconf 92' lang='lat' dir='ltr'><strong>uicini</strong></span> <span class='ocrx_word' id='word_1_134' title='bbox 551 2791 676 2879; x_wconf 88' lang='lat' dir='ltr'><strong>pecoris</strong></span> <span class='ocrx_word' id='word_1_135' title='bbox 699 2790 846 2883; x_wconf 84' lang='lat' dir='ltr'><strong>contagio</strong></span> <span class='ocrx_word' id='word_1_136' title='bbox 869 2785 1014 2857; x_wconf 72' lang='lat' dir='ltr'><strong>laedant?</strong></span> <span class='ocrx_word' id='word_1_137' title='bbox 1042 2788 1106 2859; x_wconf 94' lang='lat' dir='ltr'><strong>hoc</strong></span> <span class='ocrx_word' id='word_1_138' title='bbox 1133 2811 1175 2858; x_wconf 84' lang='lat' dir='ltr'><strong>ex</strong></span> <span class='ocrx_word' id='word_1_139' title='bbox 1196 2790 1366 2882; x_wconf 88' lang='lat' dir='ltr'><strong>prouerbio</strong></span> 
     </span>
     <span class='ocr_line' id='line_1_23' title="bbox 256 2894 963 2969; baseline -0.004 -1"><span class='ocrx_word' id='word_1_140' title='bbox 256 2901 406 2968; x_wconf 89' lang='lat' dir='ltr'><strong>sumitur:</strong></span> <span class='ocrx_word' id='word_1_141' title='bbox 423 2894 503 2966; x_wconf 83' lang='lat' dir='ltr'><strong>‘uua</strong></span> <span class='ocrx_word' id='word_1_142' title='bbox 523 2921 620 2967; x_wconf 89' lang='lat' dir='ltr'><strong>uuam</strong></span> <span class='ocrx_word' id='word_1_143' title='bbox 642 2900 780 2969; x_wconf 91' lang='lat' dir='ltr'><strong>uidendo</strong></span> <span class='ocrx_word' id='word_1_144' title='bbox 802 2901 890 2967; x_wconf 90' lang='lat' dir='ltr'><strong>uaria</strong></span> <span class='ocrx_word' id='word_1_145' title='bbox 912 2896 963 2966; x_wconf 81' lang='lat' dir='ltr'><strong>lit&#39;</strong></span> 
     </span>
    </p>
   </div>
   <div class='ocr_carea' id='block_1_3' title="bbox 216 3010 1367 3525">
    <p class='ocr_par' dir='ltr' id='par_1_13' title="bbox 216 3010 1367 3525">
     <span class='ocr_line' id='line_1_24' title="bbox 339 3010 1367 3105; baseline 0.004 -28"><span class='ocrx_word' id='word_1_146' title='bbox 339 3010 390 3077; x_wconf 85' lang='lat'><strong>83.</strong></span> <span class='ocrx_word' id='word_1_147' title='bbox 414 3033 586 3078; x_wconf 76' lang='lat' dir='ltr'><strong>accursus</strong></span> <span class='ocrx_word' id='word_1_148' title='bbox 609 3034 661 3078; x_wconf 82' lang='lat' dir='ltr'><strong>ru.</strong></span> <span class='ocrx_word' id='word_1_149' title='bbox 692 3011 725 3078; x_wconf 92' lang='lat' dir='ltr'><strong>id</strong></span> <span class='ocrx_word' id='word_1_150' title='bbox 748 3018 807 3092; x_wconf 88' lang='lat' dir='ltr'><strong>est,</strong></span> <span class='ocrx_word' id='word_1_151' title='bbox 836 3013 868 3080; x_wconf 89' lang='lat' dir='ltr'><strong>in</strong></span> <span class='ocrx_word' id='word_1_152' title='bbox 890 3033 1059 3080; x_wconf 89' lang='lat' dir='ltr'><strong>numerum</strong></span> <span class='ocrx_word' id='word_1_153' title='bbox 1081 3011 1266 3080; x_wconf 90' lang='lat' dir='ltr'><strong>cinedorum</strong></span> <span class='ocrx_word' id='word_1_154' title='bbox 1287 3035 1367 3105; x_wconf 89' lang='lat' dir='ltr'><strong>pau·</strong></span> 
     </span>
     <span class='ocr_line' id='line_1_25' title="bbox 254 3119 556 3212; baseline 0.007 -26"><span class='ocrx_word' id='word_1_155' title='bbox 254 3119 343 3189; x_wconf 77' lang='lat' dir='ltr'><strong>latim</strong></span> <span class='ocrx_word' id='word_1_156' title='bbox 366 3121 556 3212; x_wconf 84' lang='lat' dir='ltr'><strong>suscipiaris.</strong></span> 
     </span>
     <span class='ocr_line' id='line_1_26' title="bbox 216 3231 1366 3317; baseline 0.005 -20"><span class='ocrx_word' id='word_1_157' title='bbox 216 3245 244 3286; x_wconf 82' lang='lat'><strong>²⁵</strong></span> <span class='ocrx_word' id='word_1_158' title='bbox 341 3231 393 3298; x_wconf 90' lang='grc'><strong>86.</strong></span> <span class='ocrx_word' id='word_1_159' title='bbox 416 3255 525 3309; x_wconf 76' lang='lat' dir='ltr'><strong>unove</strong></span> <span class='ocrx_word' id='word_1_160' title='bbox 547 3255 655 3303; x_wconf 82' lang='lat' dir='ltr'><strong>sourrr</strong></span> <span class='ocrx_word' id='word_1_161' title='bbox 677 3257 836 3303; x_wconf 76' lang='lat' dir='ltr'><strong>runcare.</strong></span> <span class='ocrx_word' id='word_1_162' title='bbox 860 3235 891 3303; x_wconf 93' lang='lat' dir='ltr'><strong>id</strong></span> <span class='ocrx_word' id='word_1_163' title='bbox 914 3244 970 3317; x_wconf 81' lang='lat' dir='ltr'><strong>est,</strong></span> <span class='ocrx_word' id='word_1_164' title='bbox 994 3233 1150 3304; x_wconf 91' lang='lat' dir='ltr'><strong>nouellae.</strong></span> <span class='ocrx_word' id='word_1_165' title='bbox 1267 3257 1366 3304; x_wconf 80' lang='lat' dir='ltr'><strong>rano·</strong></span> 
     </span>
     <span class='ocr_line' id='line_1_27' title="bbox 253 3344 1366 3438; baseline 0.005 -28"><span class='ocrx_word' id='word_1_166' title='bbox 253 3365 333 3411; x_wconf 82' lang='lat' dir='ltr'><strong>urus</strong></span> <span class='ocrx_word' id='word_1_167' title='bbox 355 3366 492 3412; x_wconf 75' lang='lat' dir='ltr'><strong>roacare.</strong></span> <span class='ocrx_word' id='word_1_168' title='bbox 514 3344 707 3438; x_wconf 80' lang='lat' dir='ltr'><strong>pinguedine</strong></span> <span class='ocrx_word' id='word_1_169' title='bbox 728 3355 784 3414; x_wconf 90' lang='lat' dir='ltr'><strong>aut</strong></span> <span class='ocrx_word' id='word_1_170' title='bbox 805 3347 967 3415; x_wconf 89' lang='lat' dir='ltr'><strong>intestinis.</strong></span> <span class='ocrx_word' id='word_1_171' title='bbox 1036 3345 1189 3437; x_wconf 74' lang='lat' dir='ltr'><strong>[roncas]</strong></span> <span class='ocrx_word' id='word_1_172' title='bbox 1217 3345 1271 3416; x_wconf 91' lang='lat' dir='ltr'><strong>uel</strong></span> <span class='ocrx_word' id='word_1_173' title='bbox 1298 3369 1366 3416; x_wconf 91' lang='lat' dir='ltr'><strong>ma·</strong></span> 
     </span>
     <span class='ocr_line' id='line_1_28' title="bbox 255 3461 376 3525; baseline 0.041 -5"><span class='ocrx_word' id='word_1_174' title='bbox 255 3461 376 3525; x_wconf 85' lang='lat' dir='ltr'><strong>tronae.</strong></span> 
     </span>
    </p>
   </div>
   <div class='ocr_carea' id='block_1_4' title="bbox 253 3706 1365 4170">
    <p class='ocr_par' dir='ltr' id='par_1_14' title="bbox 253 3706 1365 4098">
     <span class='ocr_line' id='line_1_29' title="bbox 255 3706 1365 3786; baseline 0.003 -21"><span class='ocrx_word' id='word_1_175' title='bbox 255 3711 284 3765; x_wconf 87' lang='lat'><strong>1.</strong></span> <span class='ocrx_word' id='word_1_176' title='bbox 305 3706 441 3766; x_wconf 83' lang='lat' dir='ltr'><strong>stoicides</strong></span> <span class='ocrx_word' id='word_1_177' title='bbox 465 3708 499 3763; x_wconf 91' lang='lat' dir='ltr'><strong>V.</strong></span> <span class='ocrx_word' id='word_1_178' title='bbox 521 3706 652 3766; x_wconf 87' lang='lat' dir='ltr'><strong>stoiadae</strong></span> <span class='ocrx_word' id='word_1_179' title='bbox 672 3707 700 3767; x_wconf 85' lang='lat' dir='ltr'><strong>t.</strong></span> <span class='ocrx_word' id='word_1_180' title='bbox 779 3713 807 3767; x_wconf 86' lang='grc'><strong>3.</strong></span> <span class='ocrx_word' id='word_1_181' title='bbox 829 3707 971 3785; x_wconf 78' lang='lat' dir='ltr'><strong>Phrygiae</strong></span> <span class='ocrx_word' id='word_1_182' title='bbox 995 3711 1145 3786; x_wconf 65' lang='lat' dir='ltr'><strong>Vergilius.</strong></span> <span class='ocrx_word' id='word_1_183' title='bbox 1244 3713 1271 3769; x_wconf 85' lang='lat'><strong>5.</strong></span> <span class='ocrx_word' id='word_1_184' title='bbox 1292 3711 1365 3768; x_wconf 90' lang='lat' dir='ltr'><strong>mol·</strong></span> 
     </span>
     <span class='ocr_line' id='line_1_30' title="bbox 255 3779 1365 3862; baseline 0.006 -23"><span class='ocrx_word' id='word_1_185' title='bbox 255 3782 300 3841; x_wconf 85' lang='lat' dir='ltr'><strong>liri</strong></span> <span class='ocrx_word' id='word_1_186' title='bbox 320 3785 379 3842; x_wconf 82' lang='lat' dir='ltr'><strong>Ps.</strong></span> <span class='ocrx_word' id='word_1_187' title='bbox 477 3785 637 3841; x_wconf 85' lang='lat' dir='ltr'><strong>subtemine</strong></span> <span class='ocrx_word' id='word_1_188' title='bbox 657 3804 686 3862; x_wconf 81' lang='lat' dir='ltr'><strong>p.</strong></span> <span class='ocrx_word' id='word_1_189' title='bbox 785 3789 831 3844; x_wconf 85' lang='grc'><strong>15.</strong></span> <span class='ocrx_word' id='word_1_190' title='bbox 849 3779 979 3845; x_wconf 67' lang='lat' dir='ltr'><strong>‘cretton</strong></span> <span class='ocrx_word' id='word_1_191' title='bbox 999 3787 1144 3848; x_wconf 78' lang='lat' dir='ltr'><strong>torrebitur</strong></span> <span class='ocrx_word' id='word_1_192' title='bbox 1162 3791 1194 3846; x_wconf 77' lang='lat' dir='ltr'><strong>to</strong></span> <span class='ocrx_word' id='word_1_193' title='bbox 1214 3787 1365 3848; x_wconf 74' lang='lat' dir='ltr'><strong>Metellum</strong></span> 
     </span>
     <span class='ocr_line' id='line_1_31' title="bbox 258 3859 1365 3936; baseline 0.004 -18"><span class='ocrx_word' id='word_1_194' title='bbox 258 3863 399 3919; x_wconf 74' lang='lat' dir='ltr'><strong>Creticum</strong></span> <span class='ocrx_word' id='word_1_195' title='bbox 419 3879 492 3930; x_wconf 76' lang='lat' dir='ltr'><strong>eunt,</strong></span> <span class='ocrx_word' id='word_1_196' title='bbox 512 3863 563 3936; x_wconf 77' lang='lat' dir='ltr'><strong>qui</strong></span> <span class='ocrx_word' id='word_1_197' title='bbox 583 3865 650 3919; x_wconf 72' lang='grc' dir='ltr'><strong>67ιί1</strong></span> <span class='ocrx_word' id='word_1_198' title='bbox 671 3866 828 3933; x_wconf 69' lang='lat' dir='ltr'><strong>menoses,</strong></span> <span class='ocrx_word' id='word_1_199' title='bbox 849 3871 880 3920; x_wconf 85' lang='lat' dir='ltr'><strong>ut</strong></span> <span class='ocrx_word' id='word_1_200' title='bbox 899 3863 1014 3922; x_wconf 83' lang='lat' dir='ltr'><strong>Probus</strong></span> <span class='ocrx_word' id='word_1_201' title='bbox 1033 3859 1095 3923; x_wconf 70' lang='grc'><strong>6113</strong></span> <span class='ocrx_word' id='word_1_202' title='bbox 1120 3869 1154 3923; x_wconf 90' lang='lat' dir='ltr'><strong>V.</strong></span> <span class='ocrx_word' id='word_1_203' title='bbox 1266 3869 1312 3924; x_wconf 87' lang='grc'><strong>16.</strong></span> <span class='ocrx_word' id='word_1_204' title='bbox 1334 3875 1365 3922; x_wconf 93' lang='lat' dir='ltr'><strong>ut</strong></span> 
     </span>
     <span class='ocr_line' id='line_1_32' title="bbox 254 3940 1364 4019; baseline 0.003 -22"><span class='ocrx_word' id='word_1_205' title='bbox 254 3940 312 3998; x_wconf 82' lang='lat' dir='ltr'><strong>PS.</strong></span> <span class='ocrx_word' id='word_1_206' title='bbox 327 3957 440 4014; x_wconf 67' lang='lat' dir='ltr'><strong>coron.</strong></span> <span class='ocrx_word' id='word_1_207' title='bbox 501 3944 545 3996; x_wconf 75' lang='lat' dir='ltr'><strong>ta.</strong></span> <span class='ocrx_word' id='word_1_208' title='bbox 566 3951 784 4018; x_wconf 81' lang='lat' dir='ltr'><strong>corrumpentur</strong></span> <span class='ocrx_word' id='word_1_209' title='bbox 807 3944 840 3997; x_wconf 87' lang='lat' dir='ltr'><strong>V.</strong></span> <span class='ocrx_word' id='word_1_210' title='bbox 900 3945 948 3998; x_wconf 89' lang='grc'><strong>21.</strong></span> <span class='ocrx_word' id='word_1_211' title='bbox 970 3952 998 4001; x_wconf 86' lang='lat' dir='ltr'><strong>et</strong></span> <span class='ocrx_word' id='word_1_212' title='bbox 1018 3945 1171 4019; x_wconf 83' lang='lat' dir='ltr'><strong>prouerbio</strong></span> <span class='ocrx_word' id='word_1_213' title='bbox 1186 3945 1243 4001; x_wconf 72' lang='grc' dir='ltr'><strong>ΡΒ.</strong></span> <span class='ocrx_word' id='word_1_214' title='bbox 1256 3961 1364 4001; x_wconf 71' lang='lat' dir='ltr'><strong>como.</strong></span> 
     </span>
     <span class='ocr_line' id='line_1_33' title="bbox 253 4015 1287 4098; baseline 0.003 -23"><span class='ocrx_word' id='word_1_215' title='bbox 253 4021 302 4075; x_wconf 88' lang='lat'><strong>22.</strong></span> <span class='ocrx_word' id='word_1_216' title='bbox 324 4015 462 4073; x_wconf 83' lang='lat' dir='ltr'><strong>uua-fit</strong></span> <span class='ocrx_word' id='word_1_217' title='bbox 483 4024 549 4073; x_wconf 81' lang='lat' dir='ltr'><strong>ante</strong></span> <span class='ocrx_word' id='word_1_218' title='bbox 569 4026 598 4074; x_wconf 86' lang='lat' dir='ltr'><strong>et</strong></span> <span class='ocrx_word' id='word_1_219' title='bbox 617 4016 755 4093; x_wconf 87' lang='lat' dir='ltr'><strong>Virgilius</strong></span> <span class='ocrx_word' id='word_1_220' title='bbox 776 4016 905 4092; x_wconf 73' lang='grc'><strong>666116.</strong></span> <span class='ocrx_word' id='word_1_221' title='bbox 1007 4021 1054 4076; x_wconf 78' lang='grc'><strong>21.</strong></span> <span class='ocrx_word' id='word_1_222' title='bbox 1075 4021 1241 4098; x_wconf 85' lang='lat' dir='ltr'><strong>suscipieris</strong></span> <span class='ocrx_word' id='word_1_223' title='bbox 1261 4039 1287 4078; x_wconf 85' lang='lat' dir='ltr'><strong>s.</strong></span> 
     </span>
    </p>

    <p class='ocr_par' dir='ltr' id='par_1_15' title="bbox 254 4086 1365 4170">
     <span class='ocr_line' id='line_1_34' title="bbox 254 4086 1365 4170; baseline 0.004 -20"><span class='ocrx_word' id='word_1_224' title='bbox 254 4097 302 4151; x_wconf 84' lang='lat'><strong>26.</strong></span> <span class='ocrx_word' id='word_1_225' title='bbox 318 4086 482 4151; x_wconf 79' lang='lat' dir='ltr'><strong>‘abdomine</strong></span> <span class='ocrx_word' id='word_1_226' title='bbox 500 4092 673 4170; x_wconf 63' lang='lat' dir='ltr'><strong>pinguedine</strong></span> <span class='ocrx_word' id='word_1_227' title='bbox 698 4094 747 4152; x_wconf 82' lang='lat' dir='ltr'><strong>uel</strong></span> <span class='ocrx_word' id='word_1_228' title='bbox 773 4087 935 4154; x_wconf 78' lang='lat' dir='ltr'><strong>intestinis.³</strong></span> <span class='ocrx_word' id='word_1_229' title='bbox 959 4098 993 4154; x_wconf 95' lang='lat' dir='ltr'><strong>V.</strong></span> <span class='ocrx_word' id='word_1_230' title='bbox 1027 4107 1076 4154; x_wconf 84' lang='lat' dir='ltr'><strong>aut</strong></span> <span class='ocrx_word' id='word_1_231' title='bbox 1096 4107 1173 4156; x_wconf 90' lang='lat' dir='ltr'><strong>stent</strong></span> <span class='ocrx_word' id='word_1_232' title='bbox 1192 4097 1220 4154; x_wconf 91' lang='lat' dir='ltr'><strong>in</strong></span> <span class='ocrx_word' id='word_1_233' title='bbox 1240 4097 1284 4154; x_wconf 85' lang='lat' dir='ltr'><strong>his</strong></span> <span class='ocrx_word' id='word_1_234' title='bbox 1305 4097 1365 4154; x_wconf 84' lang='lat' dir='ltr'><strong>PS.</strong></span> 
     </span>
    </p>
   </div>
   <div class='ocr_carea' id='block_1_5' title="bbox 254 4169 1365 4306">
    <p class='ocr_par' dir='ltr' id='par_1_16' title="bbox 254 4169 1365 4306">
     <span class='ocr_line' id='line_1_35' title="bbox 255 4169 1365 4306; baseline 0.006 -79"><span class='ocrx_word' id='word_1_235' title='bbox 255 4187 365 4306; x_wconf 44' lang='lat' dir='ltr'><strong>emsa.</strong></span> <span class='ocrx_word' id='word_1_236' title='bbox 387 4181 418 4228; x_wconf 85' lang='lat' dir='ltr'><strong>ut</strong></span> <span class='ocrx_word' id='word_1_237' title='bbox 428 4191 459 4230; x_wconf 90' lang='lat' dir='ltr'><strong>se</strong></span> <span class='ocrx_word' id='word_1_238' title='bbox 470 4169 540 4229; x_wconf 81' lang='lat' dir='ltr'><strong>dent</strong></span> <span class='ocrx_word' id='word_1_239' title='bbox 559 4189 582 4230; x_wconf 84' lang='lat' dir='ltr'><strong>c.</strong></span> <span class='ocrx_word' id='word_1_240' title='bbox 603 4181 653 4228; x_wconf 89' lang='lat' dir='ltr'><strong>aut</strong></span> <span class='ocrx_word' id='word_1_241' title='bbox 662 4182 834 4232; x_wconf 85' lang='lat' dir='ltr'><strong>steatomate</strong></span> <span class='ocrx_word' id='word_1_242' title='bbox 845 4174 904 4231; x_wconf 84' lang='lat' dir='ltr'><strong>suis</strong></span> <span class='ocrx_word' id='word_1_243' title='bbox 927 4175 1009 4232; x_wconf 82' lang='lat' dir='ltr'><strong>Beier</strong></span> <span class='ocrx_word' id='word_1_244' title='bbox 1019 4173 1058 4233; x_wconf 84' lang='lat' dir='ltr'><strong>ud</strong></span> <span class='ocrx_word' id='word_1_245' title='bbox 1071 4175 1127 4236; x_wconf 82' lang='lat' dir='ltr'><strong>Gis.</strong></span> <span class='ocrx_word' id='word_1_246' title='bbox 1140 4193 1199 4234; x_wconf 86' lang='lat' dir='ltr'><strong>orr.</strong></span> <span class='ocrx_word' id='word_1_247' title='bbox 1209 4173 1264 4248; x_wconf 74' lang='lat' dir='ltr'><strong>[rs.</strong></span> <span class='ocrx_word' id='word_1_248' title='bbox 1273 4191 1304 4251; x_wconf 74' lang='lat' dir='ltr'><strong>p.</strong></span> <span class='ocrx_word' id='word_1_249' title='bbox 1314 4175 1365 4234; x_wconf 80' lang='lat'><strong>74.</strong></span> 
     </span>
     <span class='ocr_line' id='line_1_36' title="bbox 254 4267 363 4305; baseline 0.009 -1"><span class='ocrx_word' id='word_1_250' title='bbox 254 4267 272 4304; x_wconf 91' lang='grc'><strong>6</strong></span> <span class='ocrx_word' id='word_1_251' title='bbox 354 4289 363 4305; x_wconf 96' lang='grc'><strong>.</strong></span> 
     </span>
    </p>
   </div>
   <div class='ocr_carea' id='block_1_6' title="bbox 0 0 1521 4859">
    <p class='ocr_par' dir='ltr' id='par_1_17' title="bbox 0 0 1521 4859">
     <span class='ocr_line' id='line_1_37' title="bbox 0 0 1521 4859; baseline 0 0"><span class='ocrx_word' id='word_1_252' title='bbox 0 0 1521 4859; x_wconf 95' lang='lat' dir='ltr'><strong> </strong></span> 
     </span>
    </p>
   </div>
  </div>
 </body>
</html>
