3025 4859
598 383 744 438 SATVRA
763 385 822 439 XV.

515 889 779 965 SATVRA
821 891 906 966 XV.

408 1071 456 1117 DE
501 1069 788 1118 nuntutontnvs
833 1070 1010 1118 auolant.

242 1239 268 1303 t.
304 1261 374 1315 ovrs
396 1262 510 1306 nssmr
533 1236 716 1306 Bonvsr-B.
753 1239 794 1306 ad
818 1237 973 1307 Bolusum
1001 1236 1109 1305 scribit
1137 1237 1178 1304 de
1200 1238 1265 1304 lle-

155 1349 338 1439 gyptiorum
361 1349 472 1429 sacris,
496 1349 569 1416 odio
593 1348 744 1438 Crispini,
768 1351 822 1441 qui
844 1349 1022 1440 Aegyptius
1045 1355 1113 1414 erat
1135 1370 1263 1439 aegeus,

156 1468 188 1526 et
210 1460 306 1527 modo
328 1461 480 1552 magister
502 1459 645 1550 peditum
666 1460 771 1551 adque
795 1463 935 1551 equitum
957 1461 1061 1528 factus
1083 1465 1141 1524 est.
1287 1484 1301 1526 s

237 1571 268 1637 2.
303 1592 507 1638 cnocoonon
529 1593 668 1639 anonas.
703 1569 756 1662 qui
785 1567 824 1636 ab
847 1569 1059 1637 ichneumone
1086 1567 1169 1660 perit
1190 1568 1265 1635 dor·

154 1679 264 1747 miens.

94 1771 100 1782 ’
237 1789 268 1856 3.
305 1813 384 1859 eras
407 1813 492 1858 usuc
514 1812 588 1858 nnn
610 1813 717 1858 ravan
740 1815 765 1858 s.
789 1815 814 1858 s.
837 1813 867 1858 r.
889 1813 919 1857 e.
942 1812 962 1855 1.
998 1789 1063 1857 ibin
1093 1798 1265 1881 propterea

153 1897 305 1993 Aegyptii
333 1902 403 1969 uice
425 1903 562 1968 numinis
584 1900 709 1982 colunt,
739 1901 825 1992 quod
851 1899 895 1966 illi
922 1898 1067 1967 naturale
1094 1923 1168 1969 cum
1196 1923 1263 1968 ser·

152 2010 299 2101 pentibus
321 2010 441 2080 bellum
463 2021 519 2080 est.
558 2035 632 2078 nam
660 2034 734 2079 cum
756 2012 941 2103 Aegyptum
963 2009 1056 2079 Nilus
1077 2013 1173 2078 etiam
1195 2029 1303 2080 ser-¹⁰

152 2121 299 2211 pentibus
321 2122 537 2203 inundauerit,
565 2120 618 2188 illa
641 2144 697 2188 eos
721 2144 832 2188 omnes
855 2122 988 2189 deuorat
1009 2122 1103 2190 simul
1125 2131 1158 2188 et
1180 2123 1265 2215 aspi-

154 2229 221 2297 des.
251 2231 291 2298 de
312 2229 532 2301 huiuscemodi
561 2230 742 2298 animalium
769 2256 887 2324 genere
911 2232 1026 2301 Cicero
1055 2235 1087 2300 in
1113 2233 1194 2299 libro
1223 2233 1264 2300 de

151 2348 265 2408 natura
290 2343 423 2410 deorum
445 2345 547 2435 primo
577 2341 641 2432 [3b,
666 2343 740 2432 101]
766 2343 811 2409 sic
834 2343 892 2408 ait:
919 2338 993 2434 ‘ipsi
1015 2345 1068 2434 qui
1088 2343 1264 2412 inridentur

151 2451 301 2544 Aegyptii
329 2453 448 2520 nullam
481 2453 608 2521 beluam
641 2453 701 2519 nisi
728 2451 770 2518 ob
799 2450 938 2543 aliquam
964 2451 1146 2537 utilitatem,
1175 2457 1263 2547 quod

152 2583 194 2628 ex
223 2585 260 2630 ea
290 2574 456 2656 caperent,
488 2571 772 2643 consecrauerunt,
806 2562 895 2630 uelut
926 2562 969 2629 ibi
994 2566 1166 2633 maximam
1195 2569 1301 2634 uim1⁵

152 2682 335 2762 serpentum
358 2674 542 2756 conficiunt,
575 2675 666 2766 quasi
693 2696 771 2740 aues
799 2671 942 2754 excelse,
975 2677 1119 2744 cruribus
1145 2678 1263 2770 rigidis,

152 2803 272 2850 corneo
294 2805 494 2877 proceroque
510 2793 624 2852 rostro.
648 2793 796 2851 auertunt
811 2792 935 2876 pestem
951 2784 990 2851 ab
1006 2786 1166 2880 Aegypto,
1188 2811 1263 2856 cum

150 2892 299 2962 uolucres
331 2917 452 2988 angues
486 2919 527 2964 ex
553 2893 694 2985 Libycae
725 2895 874 2962 uastitate
907 2903 1004 2962 uento
1034 2898 1184 2966 Africano
1216 2901 1264 2968 in·

149 3013 260 3072 uectae
282 3005 472 3074 interficiunt
493 3006 598 3097 adque
621 3013 823 3072 consumunt.
856 3013 952 3098 atque
974 3005 1023 3090 lit,
1050 3018 1086 3075 ut
1107 3009 1179 3078 illae
1201 3033 1264 3081 nec

149 3137 260 3182 morsu
284 3117 377 3184 uiuae
400 3125 550 3196 noceant,
574 3138 634 3183 nec
658 3109 775 3182 odore?
1274 3166 1303 3208 m

236 3228 265 3293 5.
297 3249 422 3294 rumoro
444 3249 587 3295 usercae
610 3249 640 3293 n.
664 3250 695 3290 v.
718 3223 764 3294 Μ.
796 3224 975 3295 Memnonis
999 3253 1041 3296 ex
1062 3254 1136 3299 aere
1159 3241 1263 3300 statua

149 3335 304 3406 citharam
326 3346 439 3406 tenens
462 3339 557 3405 certis
579 3337 664 3404 horis
688 3334 833 3405 canebat.
860 3335 943 3405 banc
967 3337 1085 3407 Canbis
1114 3363 1173 3407 rex
1197 3344 1263 3410 ius·

149 3449 192 3513 sit
213 3449 336 3540 aperiri,
360 3450 544 3516 existimans
566 3448 766 3514 mecanicum
788 3447 917 3537 aliquod
940 3471 1030 3532 esse,
1065 3448 1150 3542 quod
1180 3451 1262 3519 intra

149 3567 286 3627 statuam
309 3557 430 3626 lateret.
454 3557 550 3626 nihilo
573 3559 677 3624 minus
700 3566 808 3625 tamen
830 3565 938 3649 aperta
961 3568 1073 3642 statua,
1096 3584 1178 3654 quae
1194 3571 1263 3630 erat
1287 3605 1291 3614 ·

148 3671 275 3762 magice
298 3678 483 3738 consecrata
490 3719 499 3752 ‚
527 3669 590 3736 oris
613 3669 738 3736 statutis
762 3690 876 3736 sonum
897 3669 1040 3741 reddidit.
1062 3671 1135 3740 ideo
1154 3667 1259 3742 ‘dimi-
1272 3706 1298 3748 oa

149 3776 211 3848 dio'
235 3781 322 3862 dixit,
344 3780 377 3848 id
400 3789 448 3848 cot
469 3787 579 3874 aperto
603 3787 635 3846 ct
656 3779 769 3847 diuiso.

148 3999 177 4056 6.
198 3998 351 4074 iguemoue
371 3999 429 4056 PS.
446 4015 520 4056 corr.
538 4015 566 4074 p.
630 4001 659 4058 9.
680 3997 805 4056 naturali
823 4000 1009 4073 PS.eorr.p.
1080 4003 1127 4058 13.
1147 4002 1258 4078 primus

147 4077 206 4134 PS.
224 4093 296 4134 corr.
312 4095 341 4152 p.
420 4077 465 4134 14.
488 4093 574 4151 quam
598 4075 704 4134 Cicera.
784 4079 832 4134 15.
853 4077 913 4134 ibes
937 4077 1046 4135 cicero.
1126 4084 1173 4137 16.
1195 4097 1260 4135 cum

146 4154 206 4211 sint
225 4171 296 4210 aues
318 4151 451 4212 excelsae
475 4155 582 4212 Gtoero.
652 4157 699 4212 18.
720 4153 832 4228 Libyae
854 4155 961 4213 Gieero.
1031 4158 1078 4214 19.
1100 4174 1136 4214 ex
1157 4175 1259 4232 quo-

148 4229 239 4290 odore
258 4239 389 4289 roortuac
413 4229 519 4289 Gtoora.
603 4233 651 4290 22.
674 4230 835 4306 Cambyses
853 4249 883 4309 p.
