3025 4859
497 403 500 407 ’
569 401 716 458 sarona
733 403 780 458 n.
816 445 817 450 .
1173 389 1222 463 59

119 579 204 640 tecta
225 569 316 640 labor
338 570 505 664 somnique
529 569 640 639 breues
662 580 696 638 et
716 569 837 638 uellere
859 569 968 641 Tusco

119 691 255 749 uexatae
277 681 438 772 duraeque
462 703 575 748 manus
596 704 635 749 ac
657 684 821 774 proximus
842 681 914 749 urbi
1156 695 1218 753 290

35 852 36 879 p
118 789 277 858 Hannibal
299 801 332 858 et
354 800 473 858 santes
497 790 622 860 Collina
643 800 731 860 turre
751 793 865 859 mariti.

117 924 203 969 nunc
224 901 362 993 patimur
381 900 498 995 longae
520 904 607 993 pacis
629 901 728 983 10010,
750 903 876 969 saeuior
899 901 995 970 armis

35 1018 36 1041 ³
116 1011 242 1079 luxuria
263 1010 406 1078 incubuit
425 1013 613 1106 uictumque
634 1011 796 1080 ulciscitur
819 1009 939 1078 orbem.

116 1120 240 1188 nullum
264 1121 382 1187 crimen
405 1120 496 1189 abest
518 1125 703 1214 facinusque
725 1122 876 1201 libidinis,
900 1145 941 1188 ex
963 1144 1028 1214 quo

118 1240 288 1323 paupertas
310 1228 456 1298 Romana
476 1235 573 1323 perit,
594 1232 668 1301 hino
690 1233 783 1299 fluxit
804 1232 844 1299 ad
865 1229 959 1298 lndos
1159 1243 1221 1302 295

117 1349 152 1407 et
172 1338 304 1430 Sybaris
325 1339 439 1422 colles,
461 1340 534 1409 hinc
556 1351 589 1409 et
610 1341 743 1410 Rhodos
765 1351 798 1408 et
819 1340 944 1408 Miletos

117 1451 223 1541 adque
245 1461 432 1519 coronatum
454 1461 486 1519 et
507 1451 653 1543 petulans
676 1453 904 1543 madidumque
926 1451 1108 1520 Tarentum.

117 1561 217 1652 prima
239 1562 425 1652 peregrinos
447 1561 587 1629 obscena
608 1564 744 1652 pecunia
765 1584 871 1629 mores

116 1669 234 1751 intulit,
258 1678 290 1736 et
312 1673 396 1763 turpi
417 1673 582 1764 inegerunt
603 1673 730 1741 saecula
752 1671 832 1739 luxu

119 1781 247 1848 diuitiae
268 1779 391 1848 molles.
425 1784 501 1874 quid
524 1784 607 1850 errim
628 1780 741 1850 Venus
763 1780 849 1849 ebria
871 1779 983 1849 curat?
1161 1797 1223 1854 300

117 1890 253 1984 inguinis
278 1899 311 1956 et
333 1893 445 1984 capitis
467 1915 551 1985 quae
572 1893 634 1959 sint
656 1891 986 1972 discrimina‚·nescit,

118 2001 248 2094 grandia
269 2025 354 2092 quae
374 2002 486 2069 mediis
507 2003 571 2070 iam
593 2003 740 2070 noctibus
762 2011 868 2069 ostrea
889 2003 1031 2085 mordet,

118 2135 191 2179 cunr
212 2113 343 2201 perlusa
362 2134 452 2180 mero
474 2123 623 2204 spumant
643 2120 806 2205 unguenta
828 2110 978 2194 Falerno,

119 2245 192 2290 cum
214 2223 333 2292 bibitur
354 2221 489 2303 concha,
513 2246 587 2291 cum
609 2227 673 2292 iam
696 2225 851 2314 uertigine
873 2231 995 2290 tectum

119 2333 259 2401 ambulat
280 2341 314 2400 et
335 2332 469 2425 geminis
491 2336 636 2426 exsurgit
655 2355 766 2400 mensa
788 2331 935 2400 lucernis.
1161 2349 1221 2406 305

122 2444 238 2511 inune
260 2453 294 2511 et
316 2443 423 2511 dubita
446 2465 509 2534 qua
531 2443 660 2509 sorbeat
681 2465 756 2510 aera
778 2464 876 2510 sanna

78 2551 231 2621 ”Mauro
253 2553 428 2622 Pudicitiae
449 2562 593 2620 ueterem
617 2576 692 2621 cum
713 2555 865 2645 praeterit
887 2574 989 2634 aram,

78 2663 254 2745 unuln,
277 2664 353 2759 quid
375 2663 459 2731 dicat
479 2673 574 2730 notae
597 2663 753 2752 cpnlactia
776 2661 931 2729 Maurae*

121 2774 264 2842 noctibus
287 2773 339 2841 hic
360 2782 484 2865 ponunt
505 2772 651 2856 lecticas,
673 2773 857 2840 micturiunt
878 2772 929 2840 hic

121 2884 321 2978 effigiemque
343 2885 423 2953 deae
444 2883 549 2977 longis
575 2883 759 2978 siphonibus
780 2882 928 2974 implent,
1162 2903 1223 2960 310

120 2995 214 3087 inque
237 2997 327 3062 uices
348 2996 491 3087 equitant
512 3019 550 3064 ac
572 2996 646 3064 luna
669 3004 750 3062 teste
772 3002 958 3075 mouentur,

119 3104 189 3172 inde
212 3105 326 3173 domos
349 3104 480 3173 abeunt:
502 3115 537 3173 tu
559 3104 664 3173 calcas
686 3105 759 3172 luce
780 3127 911 3172 rettersa

120 3310 184 3365 291.
204 3306 235 3362 10
255 3313 333 3362 turre
354 3320 381 3372 ς.
459 3303 516 3364 294
529 3321 573 3378 sq.
594 3302 703 3359 nullum
724 3333 762 3343 —
780 3303 857 3380 perit
875 3301 965 3358 sobal.
978 3303 1130 3368 10100011,
1143 3305 1208 3360 163.

121 3383 269 3457 faciesque
284 3381 377 3440 Vonob
392 3381 468 3439 lectt.
475 3383 578 3439 Latin.
591 3384 617 3447 1,
628 3384 646 3437 2
656 3384 740 3455 012.
810 3381 876 3436 295.
899 3378 986 3434 ludos
997 3382 1037 3435 P:
1057 3379 1145 3434 Istros
1156 3378 1226 3447 idus,

121 3468 212 3533 yones
227 3477 258 3525 e,
277 3459 348 3515 istro
362 3457 405 3532 sp,
424 3459 529 3515 histros
544 3456 592 3513 uel
607 3455 721 3530 lystros
738 3471 770 3523 ς,
791 3455 862 3511 istos
879 3453 917 3512 ob
928 3451 969 3529 [2²]
987 3455 1136 3530 Noporolo
1148 3456 1227 3531 opud

122 3540 185 3594 lon.
196 3534 390 3592 Parrhasium
399 3537 483 3611 epist.
491 3539 542 3601 28,
564 3532 675 3590 Bulbus
687 3533 725 3590 od
738 3531 803 3591 Vol.
816 3531 909 3588 Flocc.
918 3535 978 3599 111,
987 3535 1057 3599 555,
1078 3530 1226 3602 Pithoeus,

123 3609 263 3670 Bcbroder
274 3610 401 3670 mauu.
412 3630 441 3687 p.
454 3616 488 3678 8,
509 3610 598 3666 hirtos
609 3609 769 3667 Poldamus
782 3607 936 3686 (zeitschr.
948 3607 971 3680 f.
981 3608 1042 3666 Alt.
1053 3613 1226 3668 Wiss.1843

122 3707 150 3764 p.
164 3686 264 3762 1035).
348 3693 416 3747 299.
437 3699 466 3746 et
480 3687 586 3743 hrodos
599 3685 647 3758 Pf.
674 3686 798 3744 Rhodon
813 3696 842 3742 et
853 3684 972 3742 Mileton
993 3684 1226 3743 1011000οε

124 3764 198 3840 opud
208 3763 372 3822 Pittacum.
396 3764 535 3840 Mitylene
554 3765 590 3820 G.
606 3761 756 3821 Fabricios
767 3761 804 3820 od
816 3765 887 3818 Hor.
900 3779 961 3838 opp.
973 3766 999 3829 1,
1012 3767 1042 3820 11
1061 3781 1090 3836 p.
1103 3767 1168 3821 138.

124 3845 178 3900 298
186 3859 248 3917 sqq.
269 3845 361 3918 prima
374 3873 413 3884 ·-
427 3841 529 3900 molles
549 3839 638 3897 solsol.
650 3841 763 3898 Lucani
774 3843 798 3908 1,
808 3844 873 3895 101.
961 3843 1012 3896 301
1038 3839 1127 3896 sobal.
1143 3841 1226 3915 Gruq.

126 3921 389 3987 1100100810.
453 3922 511 3976 302
528 3918 650 3974 Samius
661 3916 698 3974 od
707 3920 787 3990 Verp.
798 3932 893 3990 peorp.
905 3919 930 3983 1,
941 3919 1006 3973 207.
1071 3919 1137 3974 304.
1159 3935 1226 3974 uer-

125 3996 177 4051 tice
190 3999 227 4053 1³.
305 4000 372 4057 305.
392 3997 531 4070 inunguet
545 3995 577 4050 S.
656 3991 1226 4068 3070308000000000101010000.

126 4080 233 4144 praeta
242 4071 451 4145 chbaoenaern
460 4075 480 4129 2
489 4078 515 4128 ot
524 4075 543 4126 2
552 4073 735 4128 Purtstonses
742 4070 917 4136 Acbatatrti,
935 4069 974 4142 of.
986 4068 1139 4144 Madoipo
1161 4073 1230 4144 pli

125 4165 151 4222 p.
162 4153 215 4209 196
225 4169 272 4226 sq.
350 4153 409 4208 308
419 4165 474 4205 om.
485 4151 539 4205 Ρ3
552 4147 632 4205 codd.
645 4151 824 4205 Portsicnsss
839 4145 916 4222 opud
926 4146 1090 4215 Aobotntre,
1108 4087 1172 4204 add.
1185 4164 1215 4223 p.

126 4227 261 4286 conlactia
280 4227 311 4301 s:
330 4226 472 4284 collactea
491 4243 526 4282 ω.
604 4228 671 4282 310.
692 4224 793 4302 implet
811 4226 846 4280 P.
