3025 4859
167 431 175 440 ⁶
253 344 328 420 164
626 361 662 415 n.
682 360 985 418 maritimarum

251 529 390 597 Zenonis
412 541 582 622 praecepta
604 541 753 615 monent3
775 555 837 600 nec
859 533 942 600 enim
965 527 1080 610 omitia,
1103 525 1258 617 quaedam

250 663 309 732 pro
332 642 396 708 uita
419 642 561 710 iacienda
583 652 709 734 putant:
732 645 789 710 sed
811 640 972 710 Cantaber
993 639 1078 708 unde

251 753 380 833 stoicus,
403 753 522 843 antiqui
544 756 730 845 praesertim
753 761 858 821 aetate
880 749 1025 818 Metelli?

250 887 335 931 nunc
358 871 444 929 totus
467 862 579 931 Graias
602 874 792 955 nostrasque
814 861 910 930 habet
932 860 1017 928 orbis
1041 858 1190 940 Athenas,
1298 869 1361 923 110

252 972 354 1041 Gallia
377 975 555 1041 causidicos
578 975 687 1043 docuit
708 975 843 1044 facunda
865 972 1044 1052 Britannos,

252 1086 292 1152 de
314 1083 523 1152 conducendo
545 1082 686 1174 loquitur
706 1088 770 1154 iam
793 1084 917 1152 rhetore
940 1082 1053 1174 Thyle.

250 1194 363 1262 nobilis
386 1193 438 1262 ille
460 1202 566 1261 tamen
588 1194 734 1286 populus,
757 1219 854 1287 quem
876 1195 1021 1274 diximus,
1045 1201 1076 1260 et
1097 1213 1155 1282 par

250 1307 367 1371 uirtute
389 1313 484 1394 atque
507 1303 577 1385 lide,
599 1305 657 1372 sed
679 1308 780 1373 maior
802 1305 901 1387 clade,
924 1305 1086 1397 Saguntos

251 1415 314 1482 tale
337 1415 412 1505 quid
435 1422 582 1482 excusat:
605 1414 763 1483 Maeotide
785 1417 912 1483 saeuior
934 1438 987 1482 ara

251 1529 427 1618 Aegyptos.
461 1526 578 1614 quippe
599 1523 653 1591 illa
675 1525 803 1593 nelandi
825 1525 960 1592 Taurica
984 1527 1066 1592 sacri

250 1637 410 1703 inuentrix
430 1633 583 1716 homines,
606 1637 725 1703 utiam
747 1659 830 1726 quae
852 1635 991 1701 carmina
1013 1634 1140 1701 tradunt

252 1747 346 1838 digna
368 1744 430 1811 lide
452 1745 573 1826 credas,
596 1755 718 1814 tantum
740 1744 893 1826 immolat,
916 1743 1046 1811 ulterius
1068 1742 1111 1810 nil

251 1865 307 1923 aut
328 1855 457 1947 grauius
480 1855 582 1922 cultro
604 1858 695 1923 timet
715 1855 827 1923 hostia.
862 1856 932 1946 quis
954 1854 1050 1921 modo
1074 1875 1166 1921 casus

250 1965 364 2057 inpulit
384 1962 470 2030 hos?
492 1988 574 2056 quae
597 1974 684 2032 tanta
706 1967 807 2033 lomes
830 1967 1006 2054 infestaque
1029 1961 1112 2030 uallo

251 2099 339 2143 arma
362 2084 537 2166 coegerunt
560 2084 625 2141 tam
647 2076 832 2144 detestabile
855 2083 1031 2142 monstrum

251 2185 391 2254 audere?
413 2209 494 2252 anne
516 2184 610 2252 alium
632 2194 717 2252 terra
738 2185 946 2276 Memphitide
969 2187 1053 2252 sicca

250 2297 400 2364 inuidiam
421 2299 562 2363 lacerent
583 2295 704 2363 nolenti
724 2319 855 2388 surgere
878 2295 976 2363 Nilo?

251 2431 313 2499 qua
335 2431 395 2474 nec
417 2405 571 2473 terribiles
594 2403 715 2472 Cimbri
737 2429 798 2474 nec
820 2405 968 2472 Britones
991 2427 1143 2496 umquam

250 2521 523 2607 Sauromataeque
546 2525 652 2583 truces
674 2526 730 2584 aut
750 2519 905 2584 immanes
926 2515 1108 2609 Agathyrsi,

250 2629 311 2696 hac
333 2628 434 2693 saeuit
455 2627 543 2694 rabie
564 2625 681 2692 inbelle
703 2637 735 2693 et
756 2625 866 2694 inutile
888 2626 1013 2720 uulgus,

249 2737 382 2831 paruula
404 2735 550 2804 fictilibus
572 2735 700 2804 solitum
723 2738 799 2804 dare
821 2736 893 2803 uela
916 2737 1052 2828 phaselis

249 2857 281 2916 et
302 2846 452 2914 breuibus
474 2849 577 2938 pictae
599 2849 695 2913 remis
715 2846 900 2914 incumbere
922 2856 1032 2914 testae.

247 2981 307 3026 nec
330 2979 467 3049 poenam
490 2956 602 3023 sceleri
623 2957 775 3038 inuenies,
798 2980 858 3026 nec
881 2958 975 3050 digna
996 2957 1121 3050 parabis

248 3065 402 3158 supplicia
424 3065 472 3133 his
495 3066 628 3158 populis,
650 3069 681 3134 in
706 3091 843 3158 quorum
866 3075 971 3136 mente
994 3091 1085 3160 pares
1108 3078 1182 3136 sunt
1295 3082 1358 3136 130

247 3186 280 3244 et
301 3175 418 3243 similes
440 3177 485 3243 ira
507 3177 611 3267 adque
634 3178 741 3244 fames.
777 3177 961 3246 mollissima
984 3177 1080 3246 corda

246 3286 385 3354 humano
408 3288 516 3379 generi
538 3287 613 3353 dare
636 3311 671 3355 se
692 3296 805 3356 natura
828 3290 953 3368 latetur,

246 3583 303 3638 107
312 3598 356 3654 sq.
378 3586 564 3655 nec-putat
583 3573 807 3654 apariaiadtaat
819 3578 976 3636 Franci-ias
991 3595 1038 3654 qu.
1051 3579 1104 3636 alt.
1116 3585 1179 3656 ps.
1260 3601 1353 3658 quae·

246 3655 311 3712 dam
330 3673 391 3730 pta:
411 3656 527 3730 quidam
550 3658 582 3710 P.
705 3658 769 3711 108.
791 3665 873 3731 putat
893 3671 920 3722 ς.
1048 3660 1113 3714 112.
1135 3658 1190 3716 iarn
1212 3661 1313 3718 ont.P.

243 3733 358 3789 rethore
378 3751 438 3807 pta:
458 3751 489 3788 re
511 3735 545 3789 P.
624 3731 651 3786 T
654 3729 719 3805 ltyle
739 3734 820 3798 pse:
842 3731 928 3790 'l'ltile
949 3751 983 3789 ω.
1063 3737 1127 3791 111.
1144 3735 1289 3811 Saguntos
1303 3735 1354 3804 ae:

243 3809 409 3885 Zagyntlros
424 3811 457 3877 P,
478 3808 623 3883 Saguntos
635 3826 669 3862 aa.
730 3813 795 3865 115.
817 3809 942 3866 meotide
962 3814 997 3868 Ρ.
1058 3815 1122 3869 tto.
1145 3817 1290 3891 Aegyptos
1310 3816 1353 3871 Ρ.·

242 3889 389 3963 Aegyptus
409 3905 465 3960 pm.
546 3890 610 3943 tta.
633 3885 680 3958 qui
700 3881 760 3958 [93-
828 3889 892 3942 124.
915 3887 1050 3944 Britones
1070 3891 1136 3945 Par:
1157 3889 1303 3947 Brittones
1323 3909 1351 3958 ς,

241 3963 389 4020 Brittones
400 3961 424 4033 f,
447 3961 580 4018 ltistones
591 3959 699 4027 ecoald.
714 3964 870 4030 Perizouit
890 3963 1081 4036 Gapbacanaia
1090 3969 1118 4032 2,
1132 3966 1301 4024 Drasdansia
1312 3971 1351 4026 D.

241 4044 307 4106 153,
319 4038 458 4097 Scltrudar
469 4037 543 4096 obss.
554 4042 573 4096 I
580 4057 609 4113 p.
617 4040 693 4113 laq,
716 4038 743 4094 T
746 4048 865 4096 eutones
876 4039 1033 4098 Markland
1046 4041 1084 4099 ud
1100 4045 1180 4100 Stat.
1192 4043 1260 4102 aila.
1272 4048 1351 4114 1111,

239 4121 269 4184 2,
282 4119 330 4174 38.
448 4119 513 4173 125.
534 4115 762 4172 Sauromataeue
782 4133 819 4182 ας
839 4117 1009 4176 Markland.
1120 4125 1185 4179 126.
1206 4122 1281 4180 seuit
1300 4139 1349 4178 ra-

240 4193 305 4251 biae
324 4195 359 4251 P.
439 4196 504 4251 127.
526 4191 656 4249 sutilibus
677 4190 828 4250 Saltrader.
907 4199 972 4254 128.
993 4204 1067 4254 teste
1087 4198 1145 4254 ΡΒ.
