3025 4859
292 377 366 450 142
458 345 464 358 ’
670 385 1023 442 cummutandus

291 560 396 651 arguit
415 559 557 645 ipsorum
579 576 661 645 quos
682 554 786 621 littera
808 579 999 647 gemmaque
1021 558 1168 648 princeps

291 668 535 758 sardonychum,
556 663 669 732 loculis
692 688 775 755 quae
797 668 975 733 custoditur
997 666 1131 747 eburnis,

291 790 354 860 ten,
378 802 397 845 o
421 775 563 846 delicias!
591 785 681 842 extra
704 777 885 841 communia
909 799 1021 843 censes

290 889 483 982 ponendum,
506 889 578 978 quia
601 894 635 952 tu
657 884 792 978 gallinae
815 883 896 952 filius
919 886 1018 967 albae,

289 1024 349 1068 nos
371 1000 450 1067 uilcs
472 995 550 1089 pulli
571 997 636 1061 nati
656 995 832 1062 infelicibus
856 994 950 1063 ouis?

290 1132 360 1177 rem
381 1109 498 1200 pateris
520 1107 679 1172 modicam
702 1116 734 1173 et
755 1107 908 1172 mediocri
930 1105 993 1172 bilc
1014 1109 1184 1190 serendam,

291 1221 318 1285 si
339 1219 448 1285 llcctas
470 1217 581 1284 oculos
603 1220 722 1284 maiora
744 1217 785 1282 ad
808 1216 947 1283 crimina.
985 1221 1095 1285 confer

291 1328 484 1396 conductum
504 1325 668 1408 latronem,
690 1326 836 1395 incendia
858 1323 988 1414 sulpure
1011 1338 1125 1419 coepta
1338 1335 1394 1394 145

290 1437 394 1527 adque
418 1437 500 1519 dolo,
522 1439 641 1528 primos
665 1461 738 1504 curn
761 1439 855 1506 ianua
878 1436 998 1530 colligit
1019 1439 1118 1530 ignes.

290 1550 400 1614 conlcr
423 1546 543 1626 ethos,
567 1549 684 1613 ueteris
707 1551 762 1637 qui
784 1547 901 1614 tollunt
920 1549 1050 1638 grandia
1074 1546 1183 1638 templi

288 1657 405 1748 pocula
428 1658 608 1724 adorandae
629 1657 781 1748 robiginis
804 1665 837 1722 et
857 1656 1049 1748 populorum

287 1769 382 1847 dona,
405 1766 458 1834 uel
479 1767 608 1858 antiquo
631 1768 750 1856 positas
773 1790 790 1832 a
811 1790 889 1859 rege
912 1789 1056 1834 coronas.

287 1877 368 1944 haec
391 1876 433 1942 ibi
455 1878 481 1942 si
503 1901 567 1944 non
590 1885 672 1955 sunt,
694 1877 796 1941 minor
819 1885 923 1942 exstat
945 1875 1127 1968 sacrilegus,
1150 1879 1203 1967 qui
1335 1891 1393 1947 150

286 1987 379 2053 radat
400 1989 532 2053 inaurati
554 1987 658 2053 lemur
678 1983 827 2052 Herculis
851 1996 882 2053 et
904 1989 1018 2053 faciem
1038 1987 1140 2076 ipsam
1313 1970 1315 1974 ¹

287 2095 440 2189 Neptuni,
461 2098 515 2187 qui
537 2094 724 2162 bratteolam
746 2096 785 2163 dc
808 2097 943 2164 Castore
966 2097 1075 2164 ducat:

287 2231 329 2274 an
351 2206 473 2275 dubitet
494 2206 604 2273 solitus
628 2215 729 2273 totum
752 2208 891 2274 conllarc
914 2205 1100 2274 tonantem?

285 2319 397 2386 conler
420 2327 452 2384 et
473 2316 608 2383 artifices
629 2326 903 2407 mercatoremque
927 2317 1051 2394 ueneni,

285 2437 320 2495 et
342 2427 563 2494 deducendum
585 2429 673 2494 corio
695 2425 787 2492 bouis
809 2428 841 2492 in
863 2449 959 2506 marc,
983 2448 1056 2491 cum
1078 2449 1141 2517 quo
1334 2441 1392 2498 155
1496 2443 1497 2460 ¹

285 2536 445 2603 clauditur
467 2537 609 2603 aduersis
629 2538 758 2603 innoxia
782 2537 870 2602 simia
893 2537 972 2601 latis.

285 2646 366 2715 hacc
389 2656 485 2737 quota
507 2671 580 2738 pars
602 2645 769 2726 scelerum,
792 2669 874 2735 quae
897 2655 1005 2712 custos
1028 2644 1169 2714 Gallicus
1191 2648 1277 2716 urbis

284 2780 388 2849 usquc
410 2780 428 2822 a
449 2755 581 2822 lucilero
605 2755 708 2822 donec
728 2753 785 2820 lux
807 2757 938 2835 occidat,
961 2751 1071 2821 audit?

284 2866 414 2933 humani
437 2866 562 2958 generis
584 2887 690 2930 mores
714 2863 769 2929 tibi
791 2887 886 2932 nosse
909 2863 1027 2931 uolenti

283 2975 400 3043 sufficit
421 2998 484 3041 una
507 2975 636 3055 domus;
658 2996 780 3065 paucos
805 2996 958 3041 consume
980 2975 1055 3054 dics,
1079 2985 1111 3041 ct
1333 2995 1393 3049 160

284 3087 391 3152 dicere
413 3094 445 3151 tc
467 3086 626 3164 miserum,
650 3092 818 3175 postquam
839 3083 925 3151 illinc
947 3088 1081 3167 ueneris,
1105 3087 1196 3154 aude.

280 3197 355 3287 quis
378 3196 535 3262 tumidum
553 3203 666 3285 guttur
687 3198 818 3263 miratur
842 3198 873 3262 in
897 3193 1052 3287 Alpibus?
1074 3206 1128 3262 aut
1151 3199 1220 3287 quis

280 3309 314 3374 in
336 3305 446 3377 llleroe
469 3327 577 3371 crasso
601 3306 755 3371 maiorem
777 3307 895 3371 infante
918 3303 1113 3371 mamillam?

279 3416 409 3484 caerula
430 3417 501 3506 quis
523 3417 643 3506 stupuit
665 3414 817 3481 Germani
838 3414 966 3495 lumina,
989 3415 1105 3481 llauam

281 3611 337 3666 too
348 3613 375 3663 cl
386 3607 442 3664 140
452 3613 563 3680 troosp.
573 3607 607 3660 P.
649 3602 849 3661 sardonichum
864 3608 922 3679 Pp:
942 3604 1139 3680 sardonychus
1154 3625 1189 3663 nr.
1243 3610 1308 3666 140.
1321 3618 1390 3667 tenc

278 3684 400 3741 delicias
421 3688 479 3750 Ρςε
499 3693 528 3739 te
543 3700 617 3738 nunc
633 3679 751 3737 delicias
768 3700 801 3748 ω,
822 3691 869 3737 ten
886 3691 914 3737 et
934 3681 1053 3738 delicias
1069 3686 1179 3742 Mauso
1196 3702 1282 3742 uerae
1299 3685 1388 3757 Ausa.

277 3764 382 3837 pata.
444 3763 508 3817 141.
531 3760 597 3834 quia
618 3761 683 3813 Pto:
705 3759 752 3833 qui
772 3756 814 3828 fg,
836 3757 904 3832 quid
927 3757 1074 3815 Heinrich.
1152 3761 1240 3818 Afrae
1252 3765 1388 3837 Ruperti.

278 3840 345 3896 142.
367 3837 439 3894 uiles
459 3835 560 3913 populi
578 3833 643 3908 pte,
665 3835 728 3891 uilis
749 3833 875 3911 populus
895 3831 937 3904 fg.
1017 3835 1082 3894 145.
1103 3837 1221 3914 srrlpure
1240 3837 1305 3912 [911.-
1326 3839 1389 3894 sul·

276 3915 341 3971 sure
361 3918 396 3971 P.
513 3912 579 3968 147.
601 3922 713 3968 ueteres
733 3913 767 3966 P.
870 3915 936 3970 148.
958 3913 1094 3988 robiginis
1115 3917 1154 3969 P:
1173 3915 1311 3989 rubiginis
1331 3933 1390 3990 pro.

278 3995 342 4049 150.
363 4000 408 4048 est
428 4009 463 4046 an
485 3992 522 4046 H.
538 3988 679 4045 Valesius.
767 3990 833 4046 152.
854 3989 1023 4046 bratteolam
1044 3993 1079 4045 Ρ.
1178 3993 1243 4049 153.
1265 3991 1389 4049 stolidus

276 4071 314 4124 11.
332 4069 474 4126 Valesius.
555 4063 691 4122 cumflare
710 4066 768 4121 PS.
860 4067 925 4124 154.
948 4065 1084 4122 artificem
1104 4064 1147 4137 [ς.
1246 4071 1311 4126 155.
1333 4070 1388 4124 bo·

276 4145 320 4200 uis
339 4163 400 4221 pro:
419 4143 496 4199 boris
517 4145 551 4200 P.
630 4145 696 4198 163.
717 4159 815 4198 meroe
834 4160 894 4215 pro:
914 4161 993 4199 mero
1013 4139 1061 4212 Pf.
1146 4144 1210 4202 164.
1232 4144 1330 4202 cerula
1352 4147 1387 4200 P.

276 4221 341 4296 quis
360 4240 419 4297 pro:
435 4221 485 4295 qui
504 4222 556 4294 Pp.
636 4217 786 4275 Alemanni
807 4216 869 4276 eod.
883 4221 1069 4276 Monacensis
1078 4219 1145 4279 too.
