3025 4859
601 364 749 420 SATVRA
768 367 813 422 v1.

155 528 308 598 ardebant
329 537 444 599 cuncta
465 539 498 599 ct
518 533 619 602 fracta
641 556 785 628 conpage
807 531 941 602 ruebant

155 663 222 710 non
243 640 333 708 alitm
355 663 451 732 quam
472 644 500 709 si
521 643 649 711 lecisset
669 641 747 712 luno
770 646 918 712 maritum

155 753 310 819 insanum.
343 753 447 820 minus
469 777 546 846 ergo
569 775 688 823 nocens
711 759 770 824 erit
792 755 985 849 Agrippinae

156 861 298 946 boletus,
320 862 477 952 siquidem
499 864 592 932 unius
612 866 801 958 praecordia
822 865 938 957 pressit

156 972 212 1040 ille
233 974 317 1040 senis
338 972 574 1066 tremulumque
595 987 691 1069 caput
714 976 910 1045 descendere
931 974 1022 1042 iussit

156 1085 191 1152 in
213 1082 338 1152 caelum
361 1091 393 1149 et
412 1082 509 1176 longa
532 1089 690 1155 manantia
712 1088 800 1156 labra
822 1087 936 1154 saliua:

155 1194 238 1262 lraec
259 1194 363 1287 poscit
384 1193 504 1261 lenum
525 1205 621 1287 atque
641 1198 747 1291 ignes,
771 1198 851 1266 haec
872 1197 960 1290 potio
982 1204 1124 1288 torquet,

155 1304 237 1373 lraec
259 1303 379 1372 lacerat
400 1304 517 1372 mixtos
540 1309 682 1398 equitum
705 1333 780 1378 cum
801 1309 954 1400 sanguine
975 1316 1092 1399 patres.

157 1417 235 1482 tanti
257 1424 367 1507 partus
391 1437 508 1507 equae,
530 1420 608 1484 tanti
628 1443 691 1486 una
712 1417 856 1486 uenefica
878 1426 1011 1486 constal.

244 1526 389 1594 Oderunt
409 1534 502 1594 natos
524 1526 564 1594 de
586 1528 716 1618 pellice;
738 1551 834 1595 nemo
857 1538 1027 1621 repugnet,

156 1661 254 1707 nemo
276 1645 378 1717 uetet,
399 1638 463 1704 iam
485 1638 549 1704 iam
570 1640 752 1731 priuignum
775 1638 919 1706 occidere
942 1639 989 1706 ias
1012 1647 1069 1705 est.

77 1819 80 1826 ,
157 1772 219 1818 uos
241 1770 318 1841 ego,
340 1746 464 1838 pupilli,
487 1737 756 1846 moneo,'qu·ibus
779 1748 913 1840 amplior
936 1758 985 1816 est
1007 1772 1074 1830 res,

157 1860 318 1929 custodite
339 1859 460 1925 animas
482 1867 515 1925 et
536 1857 614 1926 nulli
635 1859 752 1926 credite
773 1881 917 1941 mensae3

155 1970 256 2038 liuida
277 1977 419 2036 matema
443 1970 568 2036 [eruent
588 1970 714 2060 adipata
736 1991 871 2037 ueneno.

156 2080 318 2149 ‘mordeat
340 2089 414 2146 ante
437 2078 549 2171 aliquis
570 2079 722 2171 quidquid
745 2081 922 2171 porrexerit
943 2079 1015 2147 illa*

157 2193 257 2285 'quae
277 2191 417 2282 peperit,
440 2190 567 2258 timidus
588 2199 774 2282 praegustet
794 2190 910 2282 pocula
931 2192 1055 2282 papas*

156 2301 307 2394 fingimus
328 2300 408 2368 haec
430 2299 530 2368 altum
551 2309 658 2367 satura
680 2309 826 2368 sumente
849 2301 1039 2368 cothurnum

156 2411 294 2494 scilicet,
316 2419 349 2478 et
370 2410 466 2479 finem
489 2411 609 2505 egressi
630 2409 799 2503 legemque
821 2413 963 2503 priorum

156 2522 280 2617 grande
301 2520 485 2616 Sophocleo
509 2545 637 2590 carmen
659 2521 852 2590 bacchamur
873 2522 961 2590 hiatu

156 2632 319 2702 montibus
340 2635 486 2725 ignotum
506 2631 633 2700 Rutulis
656 2632 809 2723 caeloque
830 2629 953 2700 Latino.

157 2768 221 2813 nos
241 2746 362 2813 utinam
382 2743 471 2811 uani!
493 2753 543 2810 set
565 2743 682 2811 clamat
703 2743 817 2810 Pontia
835 2738 935 2824 “leci,

161 2855 330 2938 confiteor,
351 2856 523 2947 puerisque
544 2857 624 2922 meis
645 2854 769 2922 aconita
791 2856 915 2947 paraui,

161 2989 245 3060 quae
265 2967 441 3057 depraensa
461 2974 581 3059 patent.
610 2965 747 3032 lacinus:
771 2973 877 3032 tamen
899 2966 968 3057 ipsa
989 2963 1126 3059 peregi.²'
1207 2974 1269 3035 640

30 3210 34 3218 ’
159 3201 229 3256 621.
249 3197 374 3275 praessit
385 3198 420 3252 P.
493 3198 560 3253 622.
582 3194 742 3252 escendere
759 3195 839 3254 Hier.
855 3193 1022 3252 Groelattus
1034 3193 1268 3266 Listaauchcl-

160 3275 241 3334 desti
260 3272 359 3350 pluet.
376 3290 439 3348 epp.
457 3280 530 3330 cent.
547 3290 577 3348 p.
589 3271 676 3346 358),
702 3269 861 3330 ascendere
884 3270 1035 3330 Glauce-ius
1053 3271 1092 3328 ad
1117 3273 1270 3332 Claudiae.

160 3371 192 3430 p.
204 3354 270 3410 126.
295 3353 436 3409 Gruterus
448 3352 667 3423 3163161616.
745 3352 812 3406 623.
833 3347 920 3422 longa
934 3381 971 3390 -
981 3347 1073 3405 saliua
1088 3348 1184 3421 1²ss5,
1204 3350 1268 3408 lon-

161 3447 227 3506 gam
243 3459 280 3470 -
298 3427 419 3484 saliuam
435 3445 460 3484 ω
472 3423 1026 3492 1131333663061666.116312.
1120 3431 1185 3484 626.
1202 3445 1271 3505 par·

161 3517 209 3563 rus
227 3523 316 3581 seque
337 3507 371 3561 P.
450 3505 522 3560 tanti
537 3504 617 3577 PSp:
637 3511 773 3577 quantum
795 3499 916 3572 alcstan,
937 3501 1036 3578 quanti
1056 3500 1102 3569 ἀς.
1182 3523 1271 3563 uene-

162 3581 219 3640 fica
236 3601 298 3657 pm:
317 3578 447 3639 benefica
467 3584 519 3654 Pp.
619 3583 685 3636 627.
706 3578 800 3657 pelice
821 3581 874 3645 Ρς.
972 3582 1038 3637 629.
1060 3597 1126 3654 egm
1141 3585 1175 3638 P.

162 3663 229 3718 631.
244 3658 342 3716 leuide
354 3654 476 3714 Pectus.
535 3659 601 3715 632.
611 3659 667 3714 633
681 3674 700 3712 a
712 3660 731 3712 2
741 3673 829 3712 aranu
839 3654 903 3712 add.
916 3672 962 3731 pp,
974 3674 1029 3713 am.
1037 3659 1064 3712 P
1075 3662 1092 3712 6
1103 3657 1183 3715 codd.
1196 3657 1274 3733 apud

161 3735 330 3794 asnieres.
347 3728 390 3791 ‘ltt
400 3732 465 3802 duo,
481 3737 510 3790 tn
553 3736 576 3790 it
587 3731 707 3799 Probare,
727 3731 867 3789 uersiculi
878 3735 907 3790 tn
922 3731 991 3790 ultis
1003 3751 1060 3790 acu
1071 3728 1160 3792 aaut?
1176 3735 1272 3792 Valla.

161 3815 230 3871 eicit
240 3810 399 3869 Paldamua
425 3753 1086 3886 Ζοίιεὲ1ιτ.1.Α116616.Ψίεε.1838111143).
1158 3813 1274 3870 sorbeat

163 3885 381 3961 &decadonem
459 3890 525 3946 631.
546 3898 643 3945 satura
663 3883 692 3958 f:
713 3895 810 3960 satyra
830 3889 892 3944 Par.
972 3895 1121 3943 coturnum
1143 3887 1209 3963 pr.

163 3968 230 4025 636.
253 3966 363 4023 scilicet
380 3974 408 4022 et
424 3961 509 4021 finern
526 3965 636 4042 egressi
647 3961 719 4037 pr:
745 3962 856 4019 scilicet
875 3964 984 4040 egressi
1005 3972 1032 4021 et
1048 3962 1132 4021 finem
1154 3983 1193 4038 ω,
1214 3966 1272 4022 sci-

162 4043 232 4100 licet
251 4041 360 4118 egressi
380 4039 466 4098 finem
486 4039 530 4110 lq.
609 4044 676 4099 638.
700 4039 781 4096 uanis
797 4047 826 4096 ct
839 4042 890 4114 Pp.
960 4043 1026 4098 640.
1048 4039 1212 4117 depraensa
1225 4045 1259 4098 P.

161 4119 276 4177 facinus
296 4128 405 4176 tantum
430 4120 551 4177 uatem
571 4116 723 4186 Heinrich,
753 4115 869 4172 facinus
891 4116 1016 4174 calidum
1036 4116 1137 4176 luente
1154 4120 1272 4176 arment.

163 4195 242 4256 aas.
257 4197 309 4255 Gr.
322 4198 383 4271 ΠΙ,
395 4199 415 4253 2
428 4212 458 4271 p.
468 4198 497 4254 8.
