3025 4859
601 383 748 439 SATVRA
767 382 812 435 ΙΙΙ.

156 551 314 644 striglibus
336 560 368 620 et
389 551 485 645 pleno
508 554 670 645 componit
691 552 786 620 lintea
807 560 894 645 guto.

154 662 233 732 haec
253 666 335 732 inter
356 686 473 756 pueros
495 666 582 733 uarie
604 672 827 756 properantur,
851 670 884 728 at
901 660 956 728 ille

155 776 215 842 iam
238 776 330 842 sedet
349 776 381 841 in
402 776 470 865 ripa
492 784 692 867 taetrumque
714 775 858 842 nouicius
879 771 989 839 horret
1197 780 1259 838 265

156 885 335 979 porthmea,
358 908 419 953 nec
441 895 547 978 sperat
569 886 676 954 cenosi
699 887 832 978 gurgitis
853 883 960 951 alnum

155 996 277 1078 infelix,
299 1020 360 1064 nec
381 995 478 1063 habet
499 1020 595 1087 quem
617 997 759 1089 porrigat
780 1019 837 1063 ore
857 997 1014 1062 trientem.

241 1106 378 1200 Respice
399 1130 485 1175 nune
507 1107 567 1174 alia
589 1131 627 1174 ac
650 1108 775 1175 diuersa
797 1106 936 1197 pericula
959 1106 1076 1187 noctis,

157 1219 241 1311 quod
264 1220 402 1310 spatium
424 1220 517 1285 tectis
540 1216 740 1298 sublimibus,
764 1217 848 1284 unde
872 1215 1038 1283 cerebrum

158 1339 237 1398 testa
259 1332 346 1411 ferit,
369 1330 515 1421 quotiens
537 1329 653 1395 rimosa
677 1337 709 1394 et
731 1337 821 1395 curta
845 1329 990 1394 fenestris
1198 1340 1261 1395 270

158 1464 232 1509 uasa
255 1442 383 1523 cadant,
407 1448 526 1531 quanto
548 1462 737 1532 percussum
758 1438 901 1531 pondere
923 1439 1048 1531 signent

158 1560 189 1618 et
208 1551 337 1619 laedant
359 1551 487 1619 silicem.
521 1552 625 1643 possis
646 1550 781 1641 ignauus
803 1549 913 1615 baberi

158 1672 190 1729 et
211 1662 305 1730 subiti
328 1685 421 1730 casus
442 1661 641 1754 inprouidus,
664 1662 704 1728 ad
727 1684 860 1729 caenam
882 1662 909 1727 si

157 1774 323 1841 intestatus
345 1797 414 1842 eas:
437 1774 517 1840 adeo
540 1781 587 1840 tot
609 1775 686 1852 lata,
710 1780 789 1863 quot
809 1770 862 1838 illa

158 1892 253 1951 nocte
274 1893 383 1976 patent
404 1884 516 1977 uigiles
538 1893 570 1950 te
592 1890 815 1975 praetereunte
837 1883 1003 1949 fenestrae.
1198 1892 1258 1950 275

159 2016 235 2087 ergo
258 2004 349 2086 optes
372 2005 547 2088 uotumque
569 1995 653 2061 ieras
674 1990 854 2060 miserabile
875 2001 996 2074 tecum,

156 2114 192 2172 ut
214 2106 276 2172 sint
296 2114 465 2174 contentae
487 2106 612 2199 patulas
635 2104 808 2172 defundere
830 2102 951 2196 pelues.

157 2215 262 2293 ebrius
284 2240 322 2283 ac
343 2216 505 2309 petulans,
529 2218 582 2309 qui
605 2214 727 2282 nullum
749 2217 832 2282 forte
854 2217 977 2296 cecidit,

158 2327 210 2393 dat
232 2350 366 2418 poenas,
388 2335 516 2395 noctem
537 2328 656 2419 patitur
677 2325 816 2418 lugentis
839 2328 976 2393 amicum

156 2435 300 2519 Pelidae,
325 2436 420 2505 cubat
440 2438 472 2504 in
495 2438 621 2517 faciem,
645 2460 723 2505 mox
745 2437 859 2505 deinde
881 2438 1021 2530 supinus.
1196 2448 1259 2503 280

158 2570 234 2640 ergo
256 2571 321 2616 non
344 2548 435 2617 aliter
456 2549 573 2641 poterit
598 2546 759 2615 dormire?
780 2547 970 2640 quibusdam

158 2682 305 2727 somnum
327 2661 396 2727 rixa
418 2660 501 2727 lacit.
532 2660 589 2727 sed
613 2661 757 2751 quamuis
778 2659 943 2752 improbus
966 2661 1055 2728 annis

158 2770 260 2862 adque
281 2793 371 2837 mero
395 2771 522 2838 leruens
545 2781 639 2837 cauet
661 2770 755 2853 hunc,
780 2794 876 2863 quem
899 2772 1030 2839 coccina
1050 2771 1142 2839 laena

156 2882 248 2948 uitari
268 2880 356 2949 iubet
379 2888 411 2948 et
434 2882 586 2949 comitum
607 2878 812 2974 longissimus
834 2882 929 2964 ordo,

157 2992 291 3060 multum
313 3001 478 3085 praeterea
499 2992 699 3059 flammarum
722 3001 754 3059 et
776 3017 874 3061 aenea
897 2991 1028 3086 lampas.
1198 3003 1260 3061 285

157 3128 224 3187 me,
248 3127 344 3197 quem
365 3102 440 3171 luna
462 3101 545 3170 solet
566 3103 726 3171 deducere
748 3103 801 3171 uel
823 3103 922 3172 breue
943 3104 1050 3171 lumen

158 3213 325 3294 candelae,
345 3215 436 3282 cuius
459 3214 608 3307 dispenso
632 3223 663 3281 et
685 3224 830 3309 tempero
852 3215 954 3297 filum,

158 3326 337 3395 contemnit
369 3325 505 3392 miserae
526 3346 687 3420 cognosce
709 3328 873 3420 prooemia
895 3328 998 3409 rixae,

156 3541 222 3597 263.
243 3534 388 3613 striglibus
405 3544 434 3593 et
444 3533 532 3613 pleno
553 3536 656 3613 ocdpgr
677 3538 814 3614 strigibus
826 3537 948 3611 Psobus,
969 3538 1125 3613 strigilibus
1135 3548 1164 3597 et
1174 3538 1262 3618 pleno

158 3614 256 3683 Pblror,
277 3613 432 3690 strigilibus
448 3612 536 3689 pleno
557 3614 617 3672 cod.
632 3618 740 3673 Vimor.
762 3630 789 3680 ς.
880 3616 968 3673 lintea
988 3626 1057 3689 garo
1075 3620 1168 3692 peps:
1193 3616 1262 3674 liute

159 3701 240 3749 acuto
256 3694 290 3749 P.
309 3685 429 3767 ‘gutum
446 3681 590 3748 λεκύθιον
605 3685 775 3767 [ληκύθιον]
789 3684 999 3771 Ἰουβεναλι’ῳ’
1014 3692 1105 3767 gloss.
1117 3692 1262 3769 Estepb.

157 3770 259 3843 pros.
317 3766 384 3826 284.
403 3770 499 3825 uariae
511 3767 565 3825 Pb.
623 3772 689 3827 265.
710 3768 793 3827 sedet
808 3770 893 3844 pSro:
914 3770 993 3827 seda
1005 3773 1038 3827 P.
1098 3780 1214 3830 tearum
1227 3774 1261 3830 P.

157 3850 222 3904 266.
244 3856 387 3924 ροτωιιεει
407 3848 441 3916 P,
467 3853 615 3923 portamea
635 3848 688 3921 pS.
773 3850 840 3905 269.
861 3848 980 3904 cerebro
1000 3850 1032 3905 S.
1122 3853 1190 3907 271.
1211 3867 1262 3905 ca-

159 3922 352 3999 dantPopbgr
373 3922 478 3980 cadent
494 3920 575 3996 ράος,
597 3924 703 3980 cadunt
719 3942 753 3981 ω.
826 3924 957 4002 pondere
975 3923 1086 3982 lindant
1102 3924 1252 3983 Sobroder.

157 4005 222 4061 273.
243 3999 414 4080 inprobidus
434 4003 468 4057 P.
556 4001 622 4059 274.
644 4001 721 4077 quod
738 4005 772 4059 P.
863 4004 930 4059 277.
951 4000 1112 4060 defundere
1133 4000 1263 4067 Podsbgr

160 4078 322 4137 diffundere
343 4097 378 4150 or,
400 4076 550 4135 effundere
571 4095 597 4146 ς.
694 4083 761 4138 280.
783 4078 900 4155 paelide
920 4082 954 4136 Ρ.
1053 4083 1107 4137 281
1130 4081 1262 4154 spartum

159 4154 240 4213 lrobet
252 4154 372 4214 Hstnolre
382 4156 499 4213 unimur.
513 4174 542 4231 p.
553 4160 600 4224 31,
621 4154 749 4227 defendit
761 4158 884 4231 Pinzger
894 4154 928 4213 do
939 4174 1001 4214 uss.
1014 4174 1093 4233 spur.
1107 4173 1137 4232 p.
1150 4154 1197 4213 14.

158 4236 223 4293 285.
244 4244 333 4311 atque
354 4247 381 4299 ς.
458 4236 525 4292 288.
547 4234 664 4313 promia
684 4236 718 4305 P,
737 4236 850 4311 premia
867 4247 917 4311 ρς.
