3025 4859
288 340 368 421 290
681 358 842 415 scaoux
861 358 1021 415 varum.

632 730 897 806 SATVRA
943 730 1060 805 Vlll.

515 928 568 977 BE
610 927 885 978 ctxurrxru
925 928 1177 977 narseti-'rx

376 1106 403 1173 l.
433 1128 617 1174 srnuuxrx.
653 1107 684 1172 in
713 1128 785 1187 eos,
812 1108 866 1197 qui
893 1106 1049 1174 maiorum
1078 1128 1209 1175 suorum
1239 1104 1410 1173 nobilitate

289 1214 400 1285 conlisi
422 1217 514 1284 nimis
536 1242 571 1285 se
593 1219 749 1299 iactitant,
772 1240 846 1284 cum
868 1218 928 1308 ipsi
950 1216 1024 1284 nihil
1047 1242 1125 1285 suae
1148 1218 1273 1283 uirtutis
1296 1225 1408 1283 oslen-

264 1330 376 1396 ⁵dant
463 1336 598 1395 stemma
620 1338 669 1395 est
691 1330 817 1420 generis
840 1328 917 1395 ordo
941 1328 992 1394 uel
1016 1328 1142 1421 gradus.

372 1439 403 1507 3.
425 1462 582 1507 uxronvu.
604 1438 637 1505 id
660 1447 709 1505 cst
730 1462 874 1506 auorum.
944 1439 1070 1506 Aemilii
1091 1438 1213 1507 nobiles
1237 1446 1269 1506 et
1290 1438 1409 1504 trium·

287 1549 399 1644 phales
420 1550 480 1617 uiri
503 1551 639 1630 luerunt,
663 1550 747 1617 unde
771 1558 894 1618 statuae
917 1572 1029 1617 eorum
1053 1572 1164 1618 currus
1186 1548 1355 1616 habebant

371 1662 403 1729 4.
430 1686 473 1727 ar
497 1684 611 1727 cvmos
634 1684 691 1727 mu
713 1684 744 1728 n.
777 1662 819 1749 [5
843 1684 987 1738 uxsoorn
1013 1660 1212 1749 curcurim}
1240 1665 1406 1725 uetustate

289 1774 432 1865 picturae
453 1774 498 1839 ita
520 1772 678 1839 ellectum.
706 1778 761 1835 aut
783 1772 855 1861 quia
879 1770 1059 1840 lucuiorem
1082 1792 1195 1839 nasum
1218 1767 1334 1836 habuit

251 1883 279 1922 ¹⁰
290 1905 403 1950 nasum
426 1884 581 1949 minorem
608 1881 684 1949 dicit
711 1880 764 1948 ucl
791 1882 939 1950 detritum
966 1907 984 1951 a
1014 1892 1132 1962 statua,
1170 1879 1222 1947 uel
1255 1878 1340 1970 quod
1371 1878 1406 1945 in

289 1991 410 2085 praelio
432 2013 546 2059 nasum
568 1992 672 2057 amisit
700 2000 732 2058 et
753 1991 826 2060 ideo
849 1994 953 2063 adhuc
981 1996 1012 2061 in
1040 2002 1144 2060 statuo
1172 1990 1293 2083 absque
1321 2010 1405 2056 noso

288 2104 450 2173 Coruinus
460 2110 529 2169 erat
539 2100 692 2192 depictus.
777 2126 960 2172 cananaea.
975 2102 1122 2173 auriculis
1138 2098 1188 2169 uel
1202 2100 1351 2169 mutilatis
1369 2100 1405 2166 in

288 2226 406 2296 statuo,
433 2212 488 2281 uel
514 2211 599 2303 quod
621 2211 684 2280 hoc
705 2213 862 2305 supplicio
883 2216 1015 2282 affectus
1038 2223 1095 2284 est.
1126 2236 1201 2280 nam
1230 2218 1405 2301 antequam

287 2330 327 2400 ab
350 2325 477 2394 Othone
499 2322 697 2391 occideretur
720 2332 884 2393 truncatae
907 2334 981 2395 sunt
1003 2326 1031 2395 ei
1054 2347 1146 2394 nares
1170 2330 1203 2391 et
1223 2345 1326 2389 aures.

250 2430 277 2472 ¹⁵
374 2442 405 2507 6.
428 2458 568 2505 rucanas
591 2457 620 2502 c.
643 2434 781 2526 imagine
803 2446 967 2529 perpetua.

372 2552 402 2616 7.
427 2567 629 2617 concinnens
651 2568 683 2609 v.
706 2544 814 2613 multis
836 2546 983 2630 fascibus,
1006 2548 1167 2642 dignitate.

371 2662 402 2729 8.
432 2678 618 2728 nrcrxrons
641 2678 675 2722 u.
706 2656 738 2722 in
767 2678 829 2744 qua
856 2659 1008 2752 magister
1036 2660 1177 2751 equitum
1206 2663 1238 2724 et
1266 2656 1409 2724 dictator

288 2780 338 2843 cst
358 2772 471 2867 pictus.

372 2885 403 2949 9.
441 2905 469 2949 sr
491 2902 599 2948 couxu
622 2876 660 2948 L.
697 2888 771 2945 ante
801 2880 955 2971 imagines
981 2876 1186 2973 Lepidorum.
1288 2874 1406 2967 Lepidi

249 2992 474 3063 ²⁰nobilissimi
495 2991 631 3058 luerunt.
662 2990 748 3079 quid,
779 2990 887 3080 inquit,
911 2989 1041 3081 prodest
1062 2988 1257 3081 Lepidorum
1280 2993 1406 3053 statuas
1496 3032 1497 3035 ,

284 3106 423 3197 erigere,
455 3101 480 3167 ai
507 3098 594 3167 nullu
622 3100 667 3165 eis
694 3100 872 3168 reuerentia
900 3098 1060 3181 exibetur,
1096 3100 1154 3169 sed
1177 3098 1281 3192 turpia
1303 3119 1406 3189 quae-

285 3238 349 3311 que
371 3234 480 3283 coram
502 3209 548 3277 eis
570 3219 715 3303 aguntur.

242 3400 246 3405 J
373 3325 422 3392 10.
456 3346 521 3390 ror
543 3343 760 3390 uecnxronvu
783 3346 807 3388 s.
830 3342 859 3387 r..
900 3322 995 3412 [snex
1017 3324 1170 3414 rsnxoxl.
1209 3342 1268 3415 per
1295 3330 1402 3389 totam

285 3444 414 3506 noctem
436 3436 464 3503 si
490 3433 616 3501 luditur.
649 3430 801 3525 Virgilius
825 3432 954 3526 [georg.
977 3432 1029 3515 lll,
1051 3434 1153 3525 2301:
1192 3428 1287 3501 ‘dura
1313 3432 1401 3501 iacet

246 3555 274 3595 ²⁶
286 3570 411 3641 pernox
430 3538 582 3612 instrato?
1494 3542 1495 3569 ³

372 3658 421 3724 12
444 3679 565 3724 cxsrnx
587 3678 621 3721 u.
648 3652 816 3745 Scipiones
838 3656 877 3722 ab
902 3670 974 3724 ortu
997 3680 1126 3749 quoque
1148 3678 1288 3748 surgere.

375 3766 422 3835 13.
447 3789 509 3835 ern
532 3766 654 3833 Ancon.
678 3763 808 3833 Gallicis
825 3762 1087 3856 possessionibus,
1110 3776 1166 3835 aut
1181 3764 1278 3834 titulis
1295 3767 1400 3834 uicto-

284 3880 411 3960 riarum,
434 3885 490 3946 aut
510 3874 650 3945 aedibus.

282 4068 311 4125 5.
339 4077 370 4123 ut
401 4070 458 4127 ΡΒ.
479 4084 552 4126 corr.
571 4087 597 4126 o.
628 4078 678 4125 aur
706 4066 901 4140 Bynbcraboeb
927 4066 1003 4127 obss.
1033 4072 1072 4138 V,
1093 4076 1140 4128 10.
1171 4070 1208 4127 ad
1238 4072 1269 4129 G.
1291 4069 1396 4127 Bortlo.

282 4151 311 4202 6.
326 4149 354 4203 7.
374 4147 488 4204 Aemilii
499 4178 535 4187 —
546 4144 689 4204 habebant
703 4163 759 4203 our.
772 4148 803 4203 S.
883 4148 1018 4205 10--14,
1034 4166 1133 4205 nasum
1144 4180 1181 4189 —
1192 4166 1276 4205 aures
1290 4165 1343 4205 om.
1358 4150 1395 4204 S.
1492 4200 1493 4209 ,

282 4226 419 4283 111-22.
439 4221 728 4301 Lepidi—aguntur
746 4240 802 4281 om.
822 4226 854 4283 S.
932 4228 980 4283 25.
1001 4225 1104 4303 pernix
1128 4225 1281 4301 Vergilius.
1492 4220 1493 4229 ¹
