3025 4859
262 290 342 371 230
647 300 812 358 sonoras
831 298 991 355 veruna„

349 476 380 543 8.
417 492 462 543 ur
483 492 623 541 reseris
643 490 733 539 rans.
765 474 884 537 mattae
910 486 986 559 pars
1012 472 1049 535 ut
1075 470 1229 555 tegumen
1250 462 1380 555 corpori

266 590 379 657 fectae.

352 699 401 767 10.
424 716 601 763 nonesrrvs
624 712 720 759 nuic.
742 691 775 757 in
797 686 967 780 crepidine.

351 811 402 876 11.
424 828 536 873 rnnnrs
557 826 712 870 uonnene
733 823 854 868 canini.
880 798 970 890 panis
992 796 1137 865 sordidus
1159 820 1275 867 canum
1297 807 1356 869 est.

242 937 255 979 s
354 920 405 987 12.
433 938 534 984 ranno
556 937 630 980 rme
651 932 746 979 noco.
783 911 942 1002 inprime
970 930 1054 999 pone
1079 908 1204 987 iniuria,
1232 911 1321 1001 quie,
1351 910 1379 977 si

265 1030 393 1099 iusserit
413 1036 449 1094 ut
469 1023 648 1105 recumbas,
678 1031 769 1116 putat
790 1044 824 1089 se
846 1022 879 1089 in
900 1019 962 1089 hoc
986 1025 1089 1087 totum
1114 1016 1260 1101 soluisse,
1288 1022 1379 1113 quic-

267 1140 344 1235 quid
365 1158 518 1229 umquam
539 1124 698 1225 obsequiis
719 1131 871 1200 meruisti.

354 1249 405 1317 14.
425 1243 793 1333 rnvcrrs[auicir1an].
817 1240 1051 1333 obsequiorum.
1070 1239 1113 1307 ite
1128 1240 1265 1309 reddunt
1282 1241 1380 1311 elien·

270 1357 354 1425 tibus
375 1359 497 1425 mento.
596 1375 741 1423 rnevrnr
762 1374 850 1421 nvnc
874 1375 950 1421 nex.
973 1351 1049 1445 quid
1069 1349 1154 1421 aliud
1167 1374 1232 1421 non
1246 1354 1380 1446 inputet,

229 1497 258 1539 ιο
269 1468 324 1537 ubi
347 1476 380 1535 et
399 1467 462 1535 boc
483 1464 570 1559 quod
589 1464 654 1533 uile
676 1471 726 1531 est
746 1459 892 1555 inputat?

355 1580 405 1647 17.
438 1602 561 1646 renam
582 1598 624 1645 ne
646 1598 764 1643 vncvo.
801 1572 886 1663 apud
907 1579 1033 1639 ueteres
1056 1572 1275 1641 accubitorum
1303 1577 1381 1643 usus

268 1709 334 1759 uon
357 1697 434 1769 erat,
454 1688 512 1755 sed
531 1689 564 1754 in
584 1684 710 1753 lectulis
731 1682 967 1753 discumbentes
983 1681 1223 1751 manducabant.
1247 1692 1380 1755 tnesau-

269 1804 337 1864 tem
364 1796 474 1865 lectuli
501 1805 600 1877 erant,
626 1796 660 1863 iu
686 1792 801 1886 quibus
828 1790 1083 1874 discumbebant,
1109 1792 1194 1861 uude
1221 1794 1380 1890 hodieque

272 1906 404 1975 triclinia
425 1904 633 1999 appellantur.

231 2042 259 2082 n
358 2019 408 2084 18.
431 2040 507 2094 ern
528 2038 638 2082 vernn
660 2014 830 2104 [voronvu
850 2012 985 2103 arnnal.
1012 2012 1093 2083 baec
1113 2021 1188 2083 sunt
1209 2015 1295 2107 apud
1317 2022 1357 2085 te

356 2128 406 2192 19.
429 2125 585 2193 Tasmvs.
605 2148 723 2193 nomen
746 2126 886 2216 parasiti.

353 2236 406 2303 20.
428 2253 472 2303 ur
492 2258 638 2304 urevoas.
672 2233 818 2317 Caluini,
841 2257 915 2303 cum
936 2234 1136 2305 festinatione
1158 2244 1190 2307 et
1211 2260 1306 2307 anses
1326 2260 1380 2307 eea

269 2344 406 2439 ligarum
422 2355 622 2440 praetereant
637 2345 815 2413 nonnullas.
844 2346 946 2412 dictae
963 2354 1070 2413 autem
1084 2345 1200 2439 ligulae
1213 2372 1231 2415 a
1242 2347 1377 2443 ligando.

353 2459 406 2525 21.
433 2481 628 2527 reneoener
660 2478 779 2524 onesu.
822 2454 1031 2548 compleuerit
1068 2480 1238 2527 numerum
1274 2460 1379 2529 cathe-

231 2601 259 2644 20
272 2566 408 2636 dranum.

354 2678 406 2745 23.
439 2678 604 2768 [sennam
624 2676 794 2768 BooranJ.
837 2674 989 2767 plaustro.
1117 2700 1206 2747 erum
1237 2703 1380 2751 sunnam

268 2783 414 2855 Boornn.
438 2792 690 2881 septemtriones.
721 2786 754 2854 id
777 2794 834 2868 est,
858 2785 960 2853 media
980 2795 1086 2856 nocte.
1188 2811 1286 2859 riona
1308 2816 1380 2861 sen·

268 2918 354 2965 unca
370 2896 515 2966 Boorae.
537 2922 630 2968 ursae
652 2898 734 2967 duae
756 2919 839 2988 quoe
860 2906 1016 2964 uocantur
1037 2896 1127 2967 Elice
1149 2908 1180 2969 et
1203 2900 1379 2992 Cynosura.

269 3005 392 3073 Bootes
421 3016 527 3074 autem
560 3010 614 3099 qui
642 3016 675 3073 et
702 3008 864 3075 Arcturus.
903 3028 1038 3097 quorum
1065 3010 1205 3077 siderum
1231 3010 1379 3081 Lucanus

232 3139 402 3208 aequoque
424 3118 470 3185 sic
492 3118 635 3185 meminit
667 3115 834 3207 [11,2so]:
860 3111 951 3182 ‘sunt
979 3127 1074 3188 nocte
1101 3143 1219 3213 supera
1238 3118 1379 3194 Parnasis

269 3225 416 3321 obliquos
437 3225 528 3295 Elice
549 3250 625 3296 cum
646 3235 786 3295 uerteret
807 3223 902 3294 anes.³

269 3578 299 3638 2.
320 3578 423 3637 fornici
443 3580 551 3639 sactum
572 3599 597 3642 e.
728 3573 855 3640 ‘Probas
874 3598 942 3637 uero
962 3583 1096 3656 exponit:
1115 3580 1226 3657 tepetis,
1246 3585 1379 3659 pinnatus
1479 3568 1480 3633 ἶ

269 3663 385 3732 oportue
404 3665 457 3716 out
479 3662 581 3732 tepetis
602 3659 635 3717 do
653 3662 731 3736 sirpo
749 3650 863 3732 factae?
890 3662 923 3715 V.
1002 3663 1030 3715 4.
1052 3656 1155 3734 canini]
1178 3662 1306 3717 cantabri
1327 3679 1378 3718 so-

268 3752 380 3810 prascr.
394 3738 429 3791 P.
507 3740 536 3794 5.
558 3740 692 3813 quaPS.
715 3736 838 3813 quode.
911 3738 939 3793 8.
960 3734 988 3791 in
1010 3736 1161 3793 clientibus
1182 3738 1213 3793 S.
1274 3747 1302 3797 s.
1345 3758 1377 3793 u-

269 3822 310 3868 tet
330 3813 514 3888 PS.sorr.p.
620 3821 667 3873 10.
689 3815 761 3870 uites
783 3814 895 3891 inputat
913 3814 972 3869 PS.
988 3830 1059 3871 sorr.
1072 3832 1102 3890 p.
1196 3808 1279 3890 ‘qaid
1329 3812 1378 3871 iod

269 3886 348 3945 dabit
368 3907 429 3945 cam
448 3889 520 3965 qttod
540 3890 598 3948 uite
616 3898 671 3959 ost,
689 3884 831 3968 imputet.’
858 3890 889 3947 V.
1009 3894 1055 3949 17.
1078 3890 1204 3949 calciarii
1225 3894 1284 3949 Ps.
1305 3908 1376 3949 eurr.

273 3968 424 4023 Ferrarius
445 3966 534 4023 anull.
556 3967 589 4024 do
607 3986 638 4025 re
658 3975 729 4025 uest.
751 3970 799 4024 31.
865 3985 928 4023 curn
948 3964 1087 4023 festinant
1107 3978 1135 4024 et
1155 3986 1183 4042 p.
1206 3987 1270 4025 narn
1294 3968 1375 4027 sesti·

269 4053 371 4099 nantes
384 4040 620 4117 Soburtztioiseb.
667 4049 713 4103 18.
728 4052 913 4121 praetereant
923 4064 951 4121 p.
962 4040 1193 4117 Ssburtztioiseb.
1238 4050 1288 4104 22.
1303 4046 1377 4103 idem

267 4120 327 4176 ΡΒ.
349 4137 423 4177 corr.
443 4138 473 4196 p.
563 4125 612 4181 25.
633 4123 686 4179 sub
707 4132 792 4179 noete
813 4138 920 4198 sopora
940 4124 1088 4179 Lucontio.
