3025 4859
297 354 350 428 50
673 370 710 425 0.
728 369 819 423 nun
837 367 1031 424 rvvnmnrs

298 534 343 604 nil
364 533 485 626 patriae
506 535 650 618 indulsit,
672 535 891 630 plorantisque
912 534 1046 628 inproba
1067 543 1176 617 natos,

299 653 399 738 utque
420 646 522 736 magis
544 655 687 739 stupeas,
709 647 804 715 ludos
825 646 1036 738 Paridemque
1058 644 1193 737 reliquit.

300 756 358 824 sed
380 779 573 848 quamquam
594 759 626 825 in
648 760 771 850 magnis
794 756 907 849 opibus
928 757 1100 850 plumaque
1122 762 1254 849 patema

299 874 333 934 et
353 869 559 958 segmentatis
581 869 749 956 dormisset
771 866 903 960 paruula
927 867 1030 947 cunis,

301 978 471 1044 contemsit
492 978 640 1071 pelagus3
663 980 780 1045 famam
802 985 1015 1047 contemserat
1038 975 1128 1058 olim,
1364 987 1404 1042 90

189 1160 201 1172 ,
299 1087 389 1154 cuius
411 1088 496 1179 apud
519 1088 633 1156 molles
655 1090 784 1155 minima
807 1097 856 1156 est
877 1087 998 1154 iactura
1020 1083 1195 1154 cathedras.

299 1194 464 1287 Tyrrenos
486 1197 582 1288 igitur
603 1199 720 1266 fluctus
742 1197 870 1291 lateque
893 1204 1060 1264 sonantem

297 1306 428 1399 pertulit
448 1304 570 1374 lonium
591 1308 749 1376 constanti
771 1317 917 1398 pectore,
940 1305 1085 1399 quamuis

297 1417 486 1484 mutandum
506 1419 623 1485 totiens
646 1426 731 1485 esset
752 1441 850 1485 mare.
882 1420 965 1485 iusta
988 1414 1098 1508 pericli

297 1528 324 1595 si
345 1530 424 1596 ratio
448 1537 498 1595 est
519 1537 552 1594 et
572 1527 721 1610 honesta,
743 1530 857 1595 timent
878 1529 1059 1620 pauidoque
1082 1524 1228 1617 gelantur
1271 1571 1277 1588 .
1364 1535 1404 1598 95

293 1647 441 1732 pectore,
463 1661 524 1706 nec
546 1637 688 1705 tremulis
710 1647 844 1729 possunt
865 1639 1009 1706 insistere
1031 1635 1159 1728 plantis:

296 1750 413 1816 fortem
435 1749 576 1816 animum
597 1756 760 1838 praestant
780 1747 891 1832 rebus,
915 1772 994 1841 quas
1016 1747 1150 1838 turpiter
1171 1745 1296 1814 audent

295 1857 324 1924 si
344 1856 454 1925 iubeat
476 1860 628 1940 coniunx,
652 1857 766 1925 durum
788 1868 838 1927 est
861 1857 1077 1926 conscendere
1099 1879 1231 1939 nauem;

296 1975 373 2034 tunc
395 1969 518 2035 sentina
541 1967 661 2059 grauis,
684 1975 760 2037 tunc
783 1993 926 2037 summus
949 1968 1083 2036 uertitur
1105 1989 1173 2035 aer:

295 2101 379 2170 quae
399 2077 570 2146 moechum
592 2080 744 2168 sequitur,
767 2079 932 2148 stomacho
955 2077 1048 2145 ualet.
1077 2077 1130 2145 illa
1151 2078 1302 2144 maritum
1342 2091 1403 2146 100

296 2188 474 2269 conuomit,
495 2186 576 2256 haec
597 2189 680 2255 inter
700 2198 813 2258 nautas
837 2198 870 2256 et
891 2187 1023 2281 prandet
1045 2195 1077 2254 et
1099 2195 1184 2254 errat

293 2320 353 2391 per
374 2321 516 2389 puppem
537 2306 569 2365 et
590 2298 687 2366 duros
707 2299 827 2391 gaudet
850 2308 985 2367 tractare
1007 2296 1157 2365 rudentis.

294 2431 357 2500 qua
379 2417 487 2476 tamen
509 2409 627 2476 exarsit
647 2409 764 2492 torma,
788 2433 850 2502 qua
874 2415 966 2501 capta
988 2409 1118 2476 iuuenta

292 2517 396 2610 Eppia
419 2519 494 2613 quid
517 2520 608 2602 uidit,
631 2527 762 2611 propter
784 2519 871 2612 quod
893 2517 979 2587 ludia
1001 2517 1063 2586 dici

292 2627 465 2698 sustinuit?
493 2652 567 2697 nam
589 2627 756 2720 Sergiolus
778 2631 841 2697 iam
862 2628 976 2697 radere
998 2634 1108 2720 guttur
1341 2637 1402 2698 101

293 2748 446 2830 coeperat
468 2747 501 2805 et
522 2747 611 2806 secto
634 2739 778 2830 requiem
800 2761 929 2831 sperare
951 2738 1089 2819 lacerto;

292 2858 460 2941 praeterea
481 2849 582 2916 multa
602 2849 635 2915 in
657 2849 738 2915 tacie
761 2848 929 2929 deformia,
952 2849 1034 2916 sicut

292 2959 417 3024 attritus
438 2957 532 3049 galea
552 2958 729 3051 mediisque
750 2958 783 3024 in
806 2957 933 3025 naribus
955 2960 1067 3049 ingens

292 3064 407 3159 gibbus
430 3076 463 3134 et
484 3091 558 3136 acre
578 3067 699 3136 malum
721 3091 848 3159 semper
871 3065 1015 3134 stillantis
1038 3067 1140 3136 ocelli.

293 3176 351 3244 sed
372 3175 530 3267 gladiator
550 3187 632 3247 erat:
655 3179 731 3245 facit
752 3177 815 3245 hoc
837 3176 909 3244 illos
931 3161 1143 3266 Hyacinthos3
1233 3206 1235 3210 ·
1340 3192 1402 3248 110

290 3285 354 3355 hoc
375 3288 484 3382 pueris
505 3288 704 3383 patriaeque,
727 3287 790 3356 hoc
811 3286 960 3380 praetulit
981 3287 1034 3356 illa
1057 3289 1158 3356 sorori

291 3491 340 3546 86.
361 3487 560 3565 plorantisque
575 3487 698 3563 inproba
713 3485 743 3559 f:
763 3486 970 3564 plorantesque
989 3487 1119 3566 improba
1130 3490 1192 3546 Ρω.
1262 3489 1309 3548 87.
1329 3487 1401 3547 reli·

293 3564 361 3640 quid
374 3567 432 3623 ΡΒ.
513 3569 551 3622 89
572 3565 695 3621 Suetus
708 3562 748 3621 od
764 3567 846 3637 Verq.
858 3564 931 3621 Aeo.
942 3568 968 3632 l,
979 3568 1045 3624 854.
1126 3571 1173 3624 90.
1195 3565 1347 3622 contemsit
1365 3584 1403 3641 p:

292 3651 450 3699 conternset
466 3644 501 3699 P.
585 3645 632 3700 92.
654 3649 784 3714 tyrrenos
806 3642 842 3700 P.
925 3660 1060 3698 sonorum
1082 3641 1228 3698 Bentletus
1244 3641 1401 3700 odllorot.

291 3717 488 3793 00011019.
548 3721 595 3777 96.
617 3719 729 3794 possint
746 3716 790 3789 [ς.
863 3717 971 3794 plantis
986 3737 1048 3794 pto:
1069 3718 1162 3795 planis
1172 3721 1207 3775 P.
1275 3722 1323 3780 98.
1344 3737 1400 3776 na-

292 3813 357 3852 uem
371 3793 505 3867 estare:
525 3795 621 3850 nanim
640 3811 696 3869 pto.
788 3799 853 3853 102.
873 3814 1002 3872 puppem
1022 3794 1100 3866 1²ss:
1119 3797 1240 3874 puppim
1259 3814 1315 3872 por.

290 3870 422 3928 rodentis
433 3875 472 3928 P:
490 3872 626 3927 rudentes
643 3888 698 3944 00).
764 3875 829 3930 103.
850 3872 966 3930 iuuenta
977 3871 1054 3938 Pte:
1070 3873 1186 3930 iuuenta
1199 3882 1243 3930 est
1258 3871 1400 3947 ubedfpon

292 3947 358 4006 104.
379 3949 476 4026 Elipia
491 3950 530 4016 Ρ,·
545 3947 652 4025 Elppia
665 3965 700 4021 p,
720 3947 803 4026 lppia
824 3967 863 4015 ω,
885 3947 922 4019 of.
937 3951 1062 4007 82114.
1147 3953 1212 4008 106.
1234 3949 1313 4006 lesso
1333 3948 1398 4009 cod.

290 4023 537 4101 Norinoberqoneia
551 4029 578 4082 1.
653 4027 719 4082 108.
738 4025 842 4100 galeae
853 4028 890 4080 H.
907 4025 1049 4084 Valesius.
1120 4032 1185 4086 109.
1204 4045 1319 4104 semper
1330 4029 1401 4088 Ρωε

288 4100 512 4239 qquehtoqtpq,t
526 4099 615 4238 10ῗὲ
633 4097 735 4160 racab·
760 4099 924 4179 (Muttlrtos
942 4107 1022 4161 0000.
1038 4101 1109 4180 plait.
1121 4107 1141 4164 Ι
1151 4121 1180 4180 p.
1192 4101 1259 4180 82).

347 4219 356 4237 .
393 4195 433 4256 ya
470 4197 499 4237 m
512 4196 545 4236 os
611 4217 620 4237 .
