3025 4859
272 330 349 407 292
660 340 824 399 scuomn
843 338 1004 395 vurunu.

358 511 422 599 (31.
444 515 617 598 runrurrrs.)
656 510 721 601 [30.
743 509 910 598 irrisuro}
948 509 996 575 uir
1019 505 1121 584 bonus
1143 503 1197 575 ubi
1220 504 1387 586 inuenitur,

273 624 463 717 inpatienter
486 629 615 691 etcum
638 620 779 689 elamore
803 617 990 711 appellatur.

356 732 409 799 32.
443 753 587 799 rusrmus.
619 754 684 801 nou
707 756 821 824 perse
844 732 989 823 insignis,
1013 732 1159 816 (manvu.)
1183 736 1218 795 ut
1241 750 1315 795 cum
1340 726 1387 793 in-

273 846 387 937 dignus
411 843 459 923 sit,
483 842 613 909 maioris
634 841 767 909 alicuius
791 865 864 910 eum
886 842 1014 908 nomine
1035 861 1268 932 nuncupemus.
1303 845 1338 905 ut
1360 838 1388 901 si

246 975 390 1025 suanum
413 955 575 1047 gigantem
597 975 752 1020 nocemus
775 950 859 1020 κατὰ
883 948 1093 1044 &nipparena

355 1065 406 1131 33.
430 1065 628 1131 Aururorsu
645 1085 787 1131 cucurri.
811 1062 842 1130 id
859 1073 915 1143 est,
939 1071 974 1129 ut
998 1062 1049 1152 [si]
1075 1062 1201 1153 nigrum
1222 1060 1385 1127 bominem

272 1176 467 1270 Aegyptium
489 1196 627 1263 cycnum
651 1195 757 1254 uoces,
781 1182 816 1239 ut
838 1173 1015 1244 candidum.

355 1285 407 1353 34.
429 1282 575 1353 Evnoru.
599 1293 634 1351 ut
654 1285 839 1351 formosam.

356 1396 408 1463 36.
441 1419 469 1462 ει
491 1419 567 1473 ovru
590 1418 699 1462 nonve
723 1418 791 1460 usn.
827 1394 965 1462 ostendit
987 1403 1099 1487 poeta,
1121 1394 1265 1461 homines
1290 1400 1385 1459 teter-

234 1510 371 1577 1⁰rirnos
393 1505 454 1574 boc
475 1528 511 1573 re
533 1528 649 1597 magna
671 1504 799 1571 uomina
821 1502 939 1571 babere
963 1526 1127 1573 consuere.

355 1618 406 1685 38.
441 1640 483 1683 ετ
505 1640 644 1684 nervus.
678 1612 740 1681 hoc
763 1623 828 1696 εει,
850 1638 891 1682 ηε
914 1616 957 1682 sis
979 1624 1102 1685 tantum
1124 1616 1304 1685 nominibus
1326 1637 1385 1684 no·

270 1728 351 1812 bilis,
373 1750 411 1795 ac
433 1728 566 1819 turpiter
589 1728 687 1793 uiuas.

353 1839 407 1905 40.
430 1836 575 1903 anuuu.
596 1837 669 1927 quia
679 1834 823 1902 Blandus
834 1832 1001 1905 Rubellius
1015 1836 1188 1906 dicebatur.
1248 1836 1382 1905 Brauon

268 1974 387 2022 aruns.
407 1944 565 2039 superbus
586 1969 622 2013 es
643 1944 807 2013 nobilitate
829 1949 964 2037 generis.
980 1944 1200 2039 ‘tumidusque
1223 1944 1358 2016 seratur.³

232 2090 258 2131 ιε
353 2060 406 2127 41.
441 2079 591 2124 ruorrua
613 2080 700 2133 ovou
721 2079 752 2123 u.
791 2058 880 2149 quasi
910 2082 950 2125 ex
981 2061 1097 2127 uirtute
1125 2068 1178 2126 tua
1201 2060 1244 2125 sis
1267 2058 1380 2128 nobilis

269 2178 382 2243 lactus.

350 2280 403 2349 42
426 2300 471 2345 vr
487 2300 529 2343 rs
545 2300 759 2347 coucrrrmsr.
786 2279 817 2345 irl
841 2286 890 2346 est
912 2278 1025 2347 nobilis
1041 2282 1214 2375 degenere
1230 2280 1380 2348 'l'roianm

350 2394 403 2463 43.
436 2412 496 2457 svs
517 2412 646 2456 raucae
669 2412 781 2456 rsxrr.
809 2386 933 2480 plebeia
956 2390 1078 2459 mulier.
1186 2414 1325 2485 pauper,
1346 2393 1380 2459 in

267 2506 380 2579 eastris
401 2511 504 2571 natus.

228 2634 257 2673 m
353 2616 405 2683 44.
431 2634 491 2679 νοε
513 2633 667 2679 uvuruos.
699 2608 762 2680 hoc
790 2611 889 2681 ueluti
912 2635 930 2681 e
952 2634 1089 2705 persona
1111 2613 1242 2681 alicuius
1266 2612 1381 2681 nobilis

265 2728 406 2825 loquitur
426 2730 532 2817 poeta.

348 2838 401 2907 46.
421 2855 578 2902 uousrm.
602 2833 634 2901 id
656 2840 706 2899 est
726 2830 871 2925 plebeius
893 2842 948 2901 aut
969 2835 1165 2926 peregrinus.

350 2949 402 3016 46.
439 2968 501 3013 nor
524 2966 587 3011 eoo
611 2966 640 3010 c.
664 2966 693 3011 c.
715 2967 744 3010 r.
783 2965 844 3034 ego
873 2951 980 3011 autem
1008 2943 1131 3012 nobilis.
1233 2944 1381 3038 Cecrops
1498 2978 1499 3020 i

265 3082 324 3129 rex
346 3058 404 3125 luit
425 3052 674 3123 Atheniensium.

227 3189 255 3229 ει
350 3167 402 3236 48.
425 3188 602 3235 rrcvrmvu
617 3188 773 3232 iuvemus.
800 3166 833 3233 id
856 3173 913 3247 est,
937 3174 971 3232 tu
994 3164 1108 3233 nobilis
1130 3174 1253 3234 tantum
1277 3174 1310 3234 ει
1331 3170 1380 3234 in·

265 3282 395 3375 peritus.
418 3300 494 3345 narn
515 3275 556 3343 de
576 3274 687 3367 plebe,
715 3274 748 3342 id
777 3284 826 3341 est
853 3276 893 3343 de
919 3274 1028 3342 humili
1051 3274 1166 3343 familia
1190 3279 1380 3371 eloquentes
1497 3308 1498 3326 ¹

264 3397 393 3470 exeunt,
414 3388 469 3483 qui
490 3385 643 3455 nobilium
665 3387 884 3478 imperitorum
907 3409 1020 3453 causas
1043 3385 1224 3455 defendunt.

347 3501 399 3568 49.
421 3522 464 3567 ne
487 3521 590 3569 anuas
613 3520 752 3565 roarrr.
776 3496 808 3566 id
832 3504 880 3564 est
902 3500 1070 3565 senatoria.

259 3818 288 3874 1.
310 3811 433 3871 ultione.
454 3812 487 3869 Β.
597 3821 628 3867 ut
646 3811 822 3890 inpatienter
842 3812 900 3867 ΡΒ.
1018 3814 1047 3869 6.
1068 3811 1093 3867 si
1114 3828 1169 3868 orn.
1189 3814 1248 3869 ΡΒ.
1264 3810 1329 3869 udrl.
1342 3830 1371 3871 t.

259 3896 307 3952 13.
328 3888 477 3949 Rebellius
497 3889 554 3945 ΡΒ.
566 3906 641 3946 corr.
652 3908 681 3965 p.
769 3889 816 3945 14.
837 3898 881 3945 εει
902 3888 959 3944 ΡΒ.
982 3904 1056 3944 corr.
1078 3906 1101 3945 c.
1192 3892 1276 3963 t'ery.
1297 3890 1370 3947 Aca.

259 3973 298 4039 Χ,
317 3972 370 4026 21).-
393 3960 584 4040 ‘'l'urnusque
605 3967 715 4023 seratur
735 3984 789 4042 per
809 3965 919 4021 medios
941 3966 1060 4039 insignis
1081 3966 1164 4041 equis
1185 3969 1370 4042 tumidusque

257 4045 386 4104 seeundo
406 4044 499 4101 Marte
521 4036 596 4098 ruat'
618 4042 778 4119 adscripsit
798 4060 823 4099 ε.
941 4046 987 4100 17.
1009 4042 1139 4099 'l'raiauo
1164 4046 1223 4101 ΡΒ.
1246 4062 1319 4103 corr.
1338 4064 1369 4119 p.

254 4129 300 4182 18.
321 4122 437 4201 plebeia
456 4119 577 4177 muliere
597 4138 710 4198 pauper
734 4121 908 4177 Honnirrius.
1027 4125 1074 4177 20.
1096 4121 1263 4199 apersonali
1284 4122 1365 4177 cuius

253 4200 313 4259 ΡΒ.
333 4216 407 4259 corr.
426 4217 450 4256 c.
