3025 4859
268 372 347 453 276
649 380 992 441 scuounruruau.

269 556 383 637 curari,
405 555 562 648 promisso
583 550 657 634 noe·
683 562 720 623 ut
739 576 916 646 numquam
936 554 1001 621 iam
1022 550 1175 621 auxilium
1196 553 1279 621 ierat
1296 550 1384 623 Tro·

269 668 349 734 ianis
371 688 431 734 nec
452 668 521 757 ipse
542 688 603 732 nec
625 663 664 733 de
687 667 752 733 suis
775 666 896 757 aliquis.
919 673 1048 733 curatus
1065 673 1121 747 est,
1143 666 1285 733 recessit.
1308 674 1384 758 post

197 842 200 848 ,
270 787 406 845 mortem
439 777 532 845 huius
565 776 647 844 filius
680 800 758 843 suus
787 774 970 868 Eurypylus
1000 776 1047 843 uir
1076 776 1164 843 fortis
1192 778 1259 845 luit.
1295 775 1384 844 hunc

271 889 397 979 saepius
419 891 459 954 ad
480 886 633 955 auxilium
654 888 733 978 petit
747 886 903 955 Priamus.
924 884 978 953 ille
1000 888 1138 978 negauit,
1160 890 1298 955 monitus
1321 889 1386 955 sci-

245 998 345 1067 ⁶licet
366 1023 386 1066 a
408 1008 498 1092 patre
521 1019 589 1065 suo.
612 1021 691 1090 ergo
714 1020 789 1065 cum
810 1020 874 1066 non
897 1006 1007 1090 posset
1029 996 1118 1065 aliter
1139 996 1284 1067 Priamus
1308 1022 1384 1067 eum

271 1109 455 1189 sollicitare,
488 1110 564 1176 lecit
591 1110 690 1175 uitem
718 1132 760 1175 cx
790 1130 867 1175 auro
896 1116 928 1175 et
961 1108 1046 1175 misit
1073 1109 1113 1175 ad
1147 1132 1283 1177 uxorem
1313 1112 1383 1179 eius

270 1220 443 1313 Erypylen.
464 1216 545 1287 haec
560 1229 693 1309 accepto
717 1242 849 1286 munere
868 1227 955 1286 tanto
976 1220 1089 1286 marito
1106 1222 1273 1311 persuasit.
1296 1222 1386 1289 uenit

269 1334 302 1400 in
317 1331 414 1399 Troia
429 1329 581 1399 auxilium
604 1330 718 1397 [erens.
740 1328 825 1397 hunc
848 1330 964 1397 occidit
985 1328 1114 1419 Pyrrus,
1137 1330 1217 1397 lilius
1241 1330 1383 1401 Achillis.

357 1442 429 1507 656.
453 1464 540 1508 nane
564 1439 602 1508 C.
624 1462 656 1507 u.
679 1462 761 1532 quae
783 1440 932 1507 maritum
954 1462 1048 1507 suum
1072 1442 1188 1509 occidit
1210 1442 1385 1535 Agamem-

231 1570 397 1623 ¹⁰noncm.

357 1664 428 1730 657.
452 1685 624 1731 erreuueu.
647 1660 709 1728 hoe
732 1658 875 1743 interest,
898 1663 984 1755 quod
1006 1660 1058 1730 illa
1081 1664 1184 1732 securi
1207 1665 1331 1733 occidit.

357 1774 429 1841 659.
452 1796 617 1841 uvaurae.
634 1796 740 1855 ranae,
761 1774 852 1841 cuius
875 1776 999 1842 uiscera
1021 1798 1184 1844 ueueuosa
1205 1785 1287 1844 sunt.

356 1888 429 1954 660.
449 1907 695 1953 rareovsrrerr
717 1910 770 1951 rr.
800 1883 987 1976 aliquotiens
1010 1886 1125 1980 gladio,
1155 1888 1183 1954 si
1203 1887 1268 1955 iam
1289 1909 1384 1956 mau-

272 1998 438 2065 ducauerit
458 1996 597 2076 maritus,
621 1994 706 2086 quod
727 2018 852 2063 ueneno
876 1996 967 2065 obsit.

232 2129 258 2169 rr
359 2109 430 2175 661.
451 2103 606 2174 Pourrcr.
628 2103 821 2172 Mitridatem
836 2107 920 2188 dicit,
943 2130 1038 2199 quem
1061 2104 1214 2176 Lucullus
1237 2116 1269 2175 et
1291 2106 1385 2199 Sylla

272 2229 305 2288 et
326 2218 498 2309 Pompeius
519 2218 674 2283 uicerunt.
706 2216 777 2283 ideo
801 2212 865 2283 ‘ter
887 2212 982 2285 uicti’.
1016 2216 1190 2285 Mitridates
1217 2242 1292 2286 naru
1319 2218 1386 2287 tale
1498 2270 1499 2289 .

271 2330 331 2398 sibi
358 2330 434 2397 lecit
460 2326 737 2409 medicamentum,
771 2336 898 2397 utnon
924 2338 1034 2421 posset
1060 2328 1228 2422 aliquando
1256 2352 1385 2399 ueneno
1498 2302 1499 2355 3

270 2464 382 2536 perne.

624 2784 885 2861 SATVRA
937 2784 1028 2861 Vll.

231 2976 259 3018 2⁰
458 2983 512 3030 DE
553 2983 873 3032 maturata
912 2982 1195 3034 STVDIORVU.

362 3171 388 3235 1.
412 3166 463 3233 Er
487 3192 572 3236 sees.
595 3170 635 3238 de
658 3172 822 3239 sterilitate
844 3172 1022 3238 studiorum
1044 3169 1191 3262 loquitur.
1215 3169 1382 3243 Neronem
1495 3182 1496 3191 ’

269 3279 385 3372 palpat.
418 3279 487 3346 talis
510 3288 559 3348 est
582 3290 688 3350 autem
711 3306 833 3351 sensus.
862 3283 1007 3373 poeticae
1030 3282 1105 3347 artis
1127 3284 1262 3373 perisset
1288 3285 1381 3353 indu·

269 3393 358 3471 stria,
385 3392 443 3458 nisi
471 3401 600 3483 propter
628 3402 803 3486 egestatem
830 3394 862 3459 in
890 3391 993 3460 studia
1021 3392 1146 3460 diuersa
1177 3394 1381 3464 tendentibus
1494 3410 1495 3427 ¹

270 3501 417 3568 Caesaris
445 3502 646 3570 subuenisset
672 3502 860 3595 humanitas.
968 3526 1162 3572 srvnronvu.
1189 3502 1381 3577 litterarum.

229 3635 257 3678 aa
367 3634 399 3677 ru
423 3609 582 3679 Caesone.
605 3615 637 3679 in
658 3608 799 3681 Nerone.

352 3722 382 3788 2.
405 3722 568 3789 Carrenis.
591 3722 768 3790 tacentibus
791 3726 902 3815 poetis.

351 3829 382 3899 4.
405 3855 599 3901 uacueouvn
622 3858 652 3901 o.
674 3835 705 3900 in
728 3833 789 3900 alio
812 3858 923 3902 urens.
1019 3844 1055 3903 ut
1076 3839 1297 3923 mediastrinus
1321 3838 1379 3907 lic·

265 3947 324 4008 ret.
410 3964 540 4010 roanos.
564 3946 604 4011 ad
626 3968 742 4035 panem
765 3947 977 4037 coquendum,
999 3956 1035 4013 ut
1056 3948 1185 4015 furnarii
1206 3948 1326 4019 fierent.

263 4133 572 4209 19.1ren'·nrir'10
593 4153 695 4211 Lreuo
716 4154 747 4209 S.
846 4158 893 4213 21.
914 4154 1041 4212 Neruam
1062 4158 1199 4217 Ercmita.
1223 4156 1376 4217 (11361111.

260 4226 464 4305 imperatorem
486 4233 521 4288 V.
597 4234 646 4291 27.
664 4222 708 4287 ‘ut
726 4226 826 4321 pererit
846 4225 1027 4292 mediastini?
1052 4234 1085 4291 V.
