3025 4859
599 420 745 475 sa'rvlta
763 422 799 477 X.

148 588 290 659 destinat
325 590 464 683 optimus
485 590 537 659 hic
560 598 592 657 et
612 590 860 657 formosissimus
881 589 968 657 idem

146 700 247 793 gentis
269 702 419 792 patriciae
440 703 560 793 rapitur
582 700 678 767 miser
700 700 950 791 exstinguendus

147 808 334 878 Messalinae
356 810 466 879 oculis.
503 811 623 879 dudum
646 811 736 879 sedet
757 810 811 877 illa
834 819 944 902 parato

145 919 334 1001 flammeolo,
357 920 537 1013 Tyriusque
559 919 664 1012 palam
686 920 818 1014 genialis
839 922 872 987 in
893 916 993 986 hortis

143 1028 300 1111 sternitur,
323 1039 356 1097 et
376 1033 439 1099 ritu
460 1030 565 1099 decies
587 1040 720 1101 centena
743 1029 901 1099 dabuntur
1189 1032 1250 1093 335

142 1146 280 1237 antiquo,
304 1144 410 1212 ueniet
432 1164 506 1210 cum
528 1140 739 1234 signatoribus
761 1164 892 1233 ausperc

141 1252 219 1322 baec
241 1262 276 1321 tu
299 1261 423 1323 secreta
446 1259 478 1319 et
497 1254 608 1344 paucis
632 1253 802 1319 commissa
823 1250 973 1343 putabam

140 1386 203 1432 non
225 1364 285 1430 nisi
306 1362 447 1455 legitime
469 1361 537 1429 uult
558 1361 687 1429 nubere.
725 1362 802 1455 quid
824 1360 958 1453 placeat,
980 1360 1041 1429 dic.

140 1474 171 1542 ni
192 1495 306 1567 parere
327 1472 416 1553 uelis,
438 1472 638 1563 pereundum
660 1474 720 1539 erit
741 1479 814 1539 ante
836 1470 998 1554 lucernas,

140 1583 294 1653 siscelus
316 1582 472 1664 admittas,
496 1580 622 1650 dabitur
642 1606 733 1651 mora
754 1580 897 1675 paruula,
920 1582 997 1649 dum
1017 1602 1071 1649 res
1185 1587 1247 1648 340

136 1702 211 1761 nota
233 1692 304 1761 urbi
327 1702 358 1761 et
380 1692 499 1785 populo
523 1695 686 1787 contingat
707 1692 856 1785 principis
878 1713 999 1759 aurem.

138 1802 277 1871 dedecus
298 1802 351 1871 ille
374 1804 488 1871 domus
510 1804 589 1871 sciet
610 1802 748 1871 ultimus.
784 1804 905 1870 interea
927 1809 963 1868 tu

138 1914 314 2007 obsequere
335 1916 478 2008 imperio,
500 1916 527 1981 si
548 1915 625 1980 tanti
646 1915 711 1980 uita
735 1914 858 1981 diemm

37 2037 40 2045 '
135 2046 320 2115 paucorum.
354 2024 505 2117 quidquid
527 2025 629 2092 leuius
653 2023 829 2115 meliusque
851 2024 982 2115 putaris,

134 2134 315 2226 praebenda
339 2144 388 2203 est
408 2135 513 2228 gladio
536 2131 668 2225 pulchra
691 2134 772 2202 haec
793 2141 827 2201 et
848 2134 982 2202 candida
1003 2134 1123 2203 ceruirc
1182 2143 1245 2206 345

216 2243 271 2313 Nil
295 2267 370 2339 ergo
394 2244 548 2337 optabunt
568 2243 735 2311 homines?
768 2246 795 2311 si
816 2242 983 2313 consilium
1004 2244 1063 2325 uis,

117 2358 298 2446 ‚permittes
320 2357 396 2448 ipsis
419 2355 599 2448 expendere
621 2353 811 2435 numinibus,
834 2354 910 2445 quid

134 2468 304 2535 conueniat
324 2464 416 2534 nobis
437 2466 596 2558 rebusque
619 2468 660 2533 sit
682 2463 757 2532 utile
778 2467 905 2532 nostris.

133 2596 205 2643 nam
227 2599 287 2669 pro
309 2578 455 2645 iucundis
478 2577 638 2669 aptissima
661 2598 809 2668 quaeque
833 2573 953 2642 dabunt
974 2578 1015 2645 di.

132 2686 235 2754 carior
258 2696 307 2753 est
327 2686 388 2755 illis
409 2687 505 2757 homo
528 2709 623 2778 qnam
647 2685 714 2753 sibi.
748 2708 808 2753 nos
830 2687 1008 2755 animorum
1182 2698 1245 2757 350

131 2796 259 2889 inpulsu
283 2806 314 2865 ct
336 2821 432 2866 caeca
454 2818 635 2891 magnaque
657 2795 806 2887 cupidine
826 2796 915 2863 ducti

132 2908 315 3000 coniugium
336 2910 472 3001 petimus
494 2918 685 3001 partumque
705 2908 829 2991 uxoris3
853 2916 885 2973 at
905 2908 966 2976 illis

131 3026 253 3100 notum,
275 3019 329 3109 qui
351 3020 442 3111 pueri
464 3017 628 3110 qualisque
650 3021 755 3086 lutura
778 3020 818 3085 sit
839 3041 929 3086 uxor.

131 3133 165 3192 ut
185 3134 296 3196 tamen
317 3137 350 3196 et
371 3151 486 3220 poscas
509 3129 635 3221 aliquid,
658 3152 843 3224 uoueasque
866 3130 991 3199 sacellis

131 3246 203 3307 exta
226 3246 259 3306 ct
282 3239 438 3308 candiduli
461 3240 566 3307 diuina
589 3240 749 3309 tumacula
771 3242 869 3332 porci,
1179 3252 1241 3313 355

132 3347 287 3416 orandum
310 3358 359 3417 est
380 3358 417 3417 ut
437 3350 478 3417 sit
497 3372 588 3417 mens
610 3373 687 3417 sana
708 3352 740 3417 in
763 3372 898 3443 corpore
920 3374 1007 3421 sanc.

131 3457 244 3527 torrem
267 3483 365 3552 posce
387 3461 536 3542 animum,
559 3462 669 3528 mortis
691 3470 814 3529 terrore
836 3472 1007 3546 carentem,

130 3570 183 3660 qui
205 3570 344 3662 spatium
365 3572 450 3639 uitae
474 3578 652 3638 extremum
673 3573 754 3639 inter
775 3596 907 3643 munera
929 3584 1027 3668 ponat

131 3798 195 3854 331.
215 3795 342 3855 destinet
360 3813 388 3865 ς.
498 3799 742 3859 formonsissimus
762 3800 786 3872 ί.
903 3803 969 3861 334.
989 3802 1123 3864 flumenta
1142 3810 1201 3867 ΡΒ.

132 3874 199 3931 ortis
219 3875 279 3932 1²8.
395 3878 462 3934 336.
485 3879 740 3955 ueniet—auspex
762 3880 885 3937 Serutm
897 3879 936 3938 cd
950 3883 1031 3957 very.
1046 3884 1118 3942 nee,
1134 3888 1239 3953 1,.346.

131 3950 196 4007 stt.
217 3968 317 4009 numm
336 3954 412 4027 qur
432 3972 516 4011 aures
537 3974 572 4012 ω.
670 3958 736 4014 343.
757 3957 783 4011 si
801 3975 862 4033 pm:
881 3959 919 4015 sit
936 3961 989 4032 Py.
1010 3960 1034 4015 si
1054 3962 1126 4018 tanti
1146 3972 1191 4020 est
1211 3981 1241 4032 ς.

132 4026 197 4085 344.
219 4028 357 4103 quicquid
378 4029 471 4088 leuius
490 4032 600 4109 putaris
614 4036 642 4091 P
660 4032 820 4108 meliusque
840 4032 1059 4111 attamen,
1079 4038 1181 4097 melius
1195 4042 1242 4100 le·

132 4104 254 4179 uiasque
274 4122 310 4161 ω.
387 4110 454 4165 346.
475 4108 545 4165 nibil
565 4111 599 4167 P.
678 4112 745 4169 349.
766 4110 900 4168 iucundis
918 4109 961 4186 [9.
1043 4116 1110 4172 352.
1131 4126 1161 4173 at
1178 4136 1241 4194 pmr

132 4178 168 4236 ad
188 4183 223 4238 Ρ.
333 4185 399 4242 354.
421 4192 566 4243 attamen
587 4196 618 4243 ut
637 4184 716 4259 adse.
834 4192 901 4249 355.
922 4191 1067 4249 tumaeula
1085 4195 1125 4252 Pr
1144 4202 1241 4253 toma-

132 4256 195 4315 cula
214 4276 250 4329 ω,
270 4258 432 4319 thomacula
450 4260 475 4335 f,
495 4259 650 4322 tbimacula
667 4279 695 4339 q.
876 4268 882 4281 “
