3025 4859
560 370 707 425 struae
724 371 783 425 1111.
1152 356 1227 435 225

116 531 246 616 cideret‚
266 534 371 627 ipsum
391 534 529 605 Acilium
550 538 698 619 seruauit,
720 540 774 629 qui
797 556 917 631 poenas
932 537 1062 605 sentiret
1077 536 1227 607 orbitatis.

116 641 250 710 Acrnrvs
274 669 356 713 aaut.
380 643 541 739 Vergilius
558 648 650 735 [Aen.
661 646 695 728 11,
708 650 801 738 5611:
820 644 870 716 ‘ut
884 670 994 740 regem
1007 646 1226 738 aequaeuam.³

203 756 254 821 97.
290 779 456 829 Pacorum.
495 760 586 849 quasi
617 758 760 851 prodigio
788 758 897 826 similis
920 768 969 826 est
990 756 1148 827 nobilibus
1176 784 1227 828 se-

116 872 237 932 nectus.
271 866 395 935 difficile
414 890 487 935 nam
510 866 667 935 nobilibus
691 872 855 962 continget
875 891 1052 936 senescere.
1086 869 1228 960 plerum·

116 998 178 1065 que
200 1000 274 1044 nam
294 978 452 1047 inmatura
474 986 578 1045 morte
600 980 797 1063 occiduntur,
823 979 1011 1071 praesertim
1033 978 1092 1047 sub
1113 978 1228 1048 Domi·
1252 991 1266 1033 ⁶

116 1086 210 1155 tiana.

197 1198 251 1266 98.
287 1220 448 1269 arcturis.
484 1210 520 1267 ut
549 1222 660 1269 omnes
688 1222 741 1271 me
773 1203 898 1271 oderint
927 1210 983 1269 aut
1015 1202 1146 1271 timeant
1173 1211 1228 1272 aut

116 1314 329 1377 contemnant.
443 1308 645 1402 [aroaurrsb
679 1312 711 1381 id
739 1318 805 1394 est,
837 1310 993 1405 ignobilis.
1025 1333 1086 1405 pro
1116 1316 1228 1409 gigan·

115 1416 206 1487 tibus.

199 1530 281 1617 100,
292 1552 432 1600 raonem·
456 1556 606 1603 nvuroas.
630 1541 663 1601 et
684 1536 744 1603 iste
765 1533 890 1603 iuuenis
911 1534 944 1602 iu
965 1530 1085 1601 lusoria
1106 1531 1228 1602 Caesa·
1241 1554 1268 1595 1⁰

116 1638 157 1707 ris
178 1662 270 1709 ursos
293 1664 390 1735 saepe
411 1644 501 1734 quasi
523 1653 657 1713 uenator
680 1646 805 1715 occidit

198 1752 271 1819 101.
294 1776 406 1821 annes.
430 1754 566 1824 fraudes.

201 1863 275 1931 102
298 1886 445 1933 urnnnva
467 1890 608 1935 neuneu.
631 1863 694 1938 hoc
716 1868 789 1937 ideo
812 1868 885 1961 quia
906 1866 1110 1935 stoliditatem
1127 1867 1229 1936 finxe-

116 1980 163 2039 rat
182 1972 313 2055 Brutus,
335 1998 377 2044 ne
400 1998 417 2043 a
441 1974 613 2069 Tarquinio
636 1978 844 2046 occideretur.
919 1974 1036 2045 Bucen
1058 2002 1151 2045 nvvu
1171 2004 1227 2047 ra·

119 2106 201 2152 cue.
223 2084 348 2153 facilius
370 2087 499 2179 pateris,
525 2088 635 2178 inquit,
656 2090 771 2157 fortem
794 2087 924 2155 eludere
945 2110 1041 2181 quam
1064 2088 1226 2157 infamem.
1240 2115 1266 2158 ra

201 2196 273 2263 103.
297 2220 445 2265 canarno
468 2222 553 2267 near.
576 2198 749 2291 Tarquinio
772 2199 921 2292 superbo.
944 2220 1121 2290 propexam
1144 2199 1229 2266 enim

119 2302 246 2374 barbam
270 2306 393 2388 babuit,
422 2332 495 2377 cum
523 2331 617 2379 socer
644 2311 712 2377 eius
733 2310 880 2399 Serui[us
903 2307 1041 2398 Tul]lius
1062 2308 1229 2375 adtonsum

118 2412 255 2499 haberet,
285 2442 381 2511 quem
410 2420 478 2510 ipse
506 2420 630 2487 occidit.
665 2418 739 2487 dicit
767 2441 843 2510 ergo
872 2418 1020 2486 cinedum
1046 2440 1113 2486 non
1135 2416 1229 2485 facile

119 2550 210 2621 posse
233 2526 310 2597 falli.
395 2552 553 2597 ocaeano.
576 2528 755 2597 acrostico
778 2527 981 2619 intellegitur.

203 2639 275 2706 105.
296 2636 452 2707 Rvearvs.
476 2641 535 2707 iste
557 2637 696 2706 Rubrius
719 2637 886 2731 aliquando
907 2636 1019 2707 Iubam
1039 2637 1072 2705 in
1094 2638 1268 2729 pueritiam

121 2757 312 2841 corruperat,
335 2758 367 2819 et
387 2750 557 2819 uerebatur
579 2770 620 2819 nc
642 2769 700 2842 pro
720 2746 783 2816 hac
804 2748 955 2819 mercede
974 2771 1074 2842 penas
1096 2746 1135 2816 ab
1158 2750 1228 2841 ipso

119 2868 309 2952 reposceret

201 2972 274 3039 106.
297 2995 340 3039 nn
362 2994 472 3041 ntuetr
493 2994 675 3041 mesonma.
699 2974 752 3065 qui
776 2970 847 3064 ptus
862 2970 1024 3061 improbus
1039 2979 1088 3039 cst
1105 2970 1228 3039 cinedo.

121 3102 269 3151 sueretu
291 3106 482 3153 scnrsnurn.
503 3085 558 3176 qui
580 3086 611 3153 in
633 3083 701 3151 aliis
723 3106 781 3151 sua
803 3083 880 3150 uitia
902 3080 1162 3173 reprehendebat.

110 3264 112 3268 ,
202 3196 273 3265 107.
295 3192 457 3263 Mauram.
480 3217 554 3261 uam
576 3192 747 3263 Montanus
769 3192 894 3286 pinguis
916 3202 948 3261 et
962 3202 1131 3260 uentrosus
1147 3197 1267 3259 araca

121 3309 151 3369 et
171 3303 284 3374 acerbe
308 3313 453 3375 uentrem
475 3305 581 3397 potius
603 3326 700 3399 quam
721 3305 827 3397 ipsum
847 3303 959 3373 uenire
979 3303 1069 3372 dixit.

122 3520 148 3574 1.
169 3536 225 3595 quo
245 3538 271 3583 a.
362 3522 390 3581 5.
410 3528 562 3599 praetcrea
582 3522 723 3579 esban.
738 3538 763 3579 a.
860 3522 890 3577 8.
909 3509 952 3573 ‘td
970 3523 1013 3573 est
1033 3513 1174 3589 ipaobilis,
1194 3520 1229 3573 at

123 3593 190 3654 attis
208 3601 262 3656 eim
281 3604 436 3675 superstes.
458 3616 525 3657 aaut
544 3606 612 3675 past
628 3600 768 3674 piperatas
777 3594 885 3655 dicitur
896 3595 1012 3652 armam
1026 3599 1106 3651 terra
1117 3596 1147 3649 ia
1157 3592 1228 3649 deo-

120 3687 180 3729 ram
200 3682 388 3752 aoanatptuat
408 3670 591 3751 procreatae.³
615 3677 650 3733 V.
736 3689 885 3733 crasans
906 3670 1010 3731 adde.
1088 3671 1228 3745 ignobiles

124 3750 299 3810 P8.aorr.s.
397 3754 521 3830 gigantis
543 3772 595 3830 pro
617 3751 780 3827 gigantibus
799 3768 825 3808 a.
943 3754 990 3806 10.
1011 3746 1134 3803 clusoria
1156 3749 1189 3804 S.

124 3828 167 3882 16·
186 3822 392 3906 ‘Tarquinium
412 3829 563 3905 superbum
587 3826 698 3901 [aliare.
723 3844 882 3903 properam
901 3829 975 3883 mint
987 3821 1102 3881 barbam
1116 3821 1228 3888 babuit,

124 3918 183 3959 cam
201 3923 280 3966 socer
299 3910 363 3964 cius
383 3909 503 3965 Seruius
524 3906 636 3964 Tattius
655 3912 803 3963 attonsum
824 3903 947 3973 baberet,
971 3918 1049 3979 quem
1068 3903 1131 3975 ipae
1152 3900 1228 3955 acca

125 3972 182 4035 dit'
206 3986 238 4041 V.
350 3988 396 4043 17.
417 3982 558 4041 Seruilius
578 3985 721 4040 PS.corr.
734 3980 956 4039 Admetoueaiac.
1065 3982 1111 4035 ts.
1133 3982 1227 4030 autern

126 4058 245 4116 rusticus
264 4078 290 4121 e.
348 4065 398 4121 20.
419 4061 534 4118 Tibiam
553 4062 612 4119 ΡΒ.
627 4076 700 4118 corr.
714 4054 949 4131 Sabartztiateab.
970 4054 1032 4113 Titi
1046 4048 1229 4109 filiamidaru.

124 4129 233 4193 Liuium
251 4154 281 4212 p.
383 4142 432 4197 21.
452 4156 489 4197 nc
509 4138 601 4216 stupri
622 4134 785 4195 mercedem
805 4144 925 4214 patruus
943 4152 970 4191 s.
1085 4132 1133 4187 23.
1154 4136 1231 4186 estu

128 4208 226 4269 ciuedo
246 4214 303 4273 ΡΒ.
382 4216 430 4275 21.
451 4216 550 4273 scribit
568 4214 628 4273 ΡΒ.
705 4215 756 4272 26.
776 4230 900 4271 acernae
918 4212 979 4271 PS.
991 4222 1107 4284 aorrp.

946 4308 987 4375 15
