3025 4859
628 296 776 356 sarrai
792 300 841 355 nr.
1213 282 1289 365 013

261 466 336 533 200.
371 486 570 535 raosavcrn.
609 466 738 559 qrridam
766 488 883 537 nomen
902 468 965 536 loci
987 465 1096 535 dicunt
1117 467 1158 535 ad
1181 468 1292 537 conui-

173 580 265 647 uium
291 578 514 659 constitutum,
546 600 589 643 ex
610 578 726 668 gaudio
750 578 885 663 diclum3
913 577 964 645 alii
986 576 1094 645 dicunt
1116 574 1227 646 locum
1248 576 1290 647 ad

173 703 273 781 quern
294 688 467 755 conuenire
488 684 634 755 solebant
659 688 797 755 mendici
821 690 862 757 ad
884 690 999 780 stipem
1020 687 1209 779 petendam3
1237 686 1291 755 alii

172 796 350 879 tabernam,
372 798 405 865 in
427 820 490 890 qua
511 820 669 890 pauperes
690 798 812 867 uiuunt.
914 820 1104 868 rnoscvcua
1125 794 1216 865 locus
1237 794 1290 865 lu·

171 910 343 991 daeorum,
365 908 421 976 ubi
442 917 544 977 orant.
566 904 821 999 προσεύχεσθαι
838 908 922 979 enirn
939 908 1043 977 Gracc
1059 906 1314 975 orandinum

253 1020 329 1085 200.
353 1043 537 1087 racrrvsva
561 1042 717 1087 arcanas.
739 1022 808 1089 siue
824 1020 974 1114 loquaris,
997 1020 1064 1086 siue
1077 1027 1196 1101 taceas,
1217 1018 1289 1086 uni·

171 1130 336 1197 tercedit.
423 1145 600 1198 vroruorua
622 1152 654 1197 n.
675 1130 708 1197 id
731 1140 796 1214 est,
819 1140 932 1225 postea
953 1137 1115 1200 accusant.

255 1240 329 1308 300.
358 1262 510 1310 coucrsvs
531 1264 673 1310 anonas.
701 1240 783 1311 haec
806 1251 856 1311 est
877 1241 1070 1335 paupertatis
1094 1239 1228 1323 miseria,
1250 1246 1287 1309 ut

169 1360 246 1442 post
268 1351 400 1420 caedem
421 1354 453 1419 in
475 1374 511 1419 se
534 1350 683 1419 collatam
704 1354 800 1419 etiam
823 1354 851 1420 oi
873 1374 986 1422 causas
1009 1352 1101 1419 dicat.

255 1462 328 1529 301.
352 1486 396 1529 vr
418 1485 537 1531 sicana
559 1488 589 1530 1³.
614 1486 643 1531 c.
665 1486 698 1530 σ.
724 1462 756 1529 id
779 1471 836 1545 est,
859 1463 1002 1530 excussis
1025 1459 1182 1529 dentibus.
1296 1494 1324 1538 ιο

256 1571 331 1639 304.
359 1596 440 1643 rixa
462 1596 635 1641 cursuum
658 1597 728 1641 aar.
763 1576 837 1665 quia
859 1583 986 1641 catenas
1009 1572 1146 1665 grandes
1167 1574 1287 1640 leneas

168 1706 229 1776 per
251 1683 397 1777 singulos
419 1707 497 1751 axes
517 1684 681 1751 inducunt

253 1794 327 1861 305.
348 1817 519 1865 rnreanvu
541 1819 584 1862 sr
606 1818 721 1863 ranno.
750 1796 939 1889 aliquotiens
963 1794 1121 1863 occidunt.
1190 1815 1288 1861 nurs-

166 1928 282 1974 aaron.
300 1903 405 1973 miles.

250 2015 324 2083 300.
357 2039 488 2085 tanaro
511 2038 677 2094 ouorrnus.
713 2019 860 2109 quotiens
883 2025 1004 2083 armato
1027 2016 1186 2107 praesidio
1208 2037 1280 2085 mu·
1293 2036 1321 2080 rs

163 2126 298 2194 niuntur
319 2126 360 2193 ad
382 2111 588 2216 depellendos
608 2126 759 2194 latrones.
860 2129 1006 2221 quatiens
1028 2125 1168 2193 latrones
1191 2147 1285 2217 prae·

165 2237 255 2305 sidiis
283 2236 457 2306 conlocatis
486 2259 505 2303 a
533 2237 632 2304 solitis
659 2236 738 2304 locis
762 2236 947 2319 deiciuntur,
969 2234 1107 2305 Romam
1130 2235 1220 2329 quasi
1241 2235 1283 2305 ad

163 2355 272 2415 certas
293 2348 516 2439 praedationes
537 2348 707 2439 refugiunt

249 2456 323 2525 307.
356 2482 400 2527 ar
421 2456 591 2526 Pourrun
612 2479 724 2527 arnus.
759 2458 831 2527 loca
854 2466 928 2527 sunt
947 2454 1164 2525 habundantia
1183 2453 1282 2525 latro*

162 2566 262 2637 nibus
284 2567 317 2636 in
338 2566 524 2661 Campania.
1295 2598 1323 2641 ro

254 2679 328 2746 308.
360 2702 410 2748 s1c
431 2702 507 2747 utos
529 2701 597 2749 nvo
620 2702 734 2747 ouans.
767 2680 821 2748 ubi
850 2679 958 2773 plures
990 2678 1169 2763 inueniunt,
1201 2696 1283 2773 quos

165 2788 325 2857 occidant.
416 2810 574 2869 rauovru
595 2814 639 2860 nn
661 2814 793 2861 urrann
816 2813 979 2863 ovnnvrrr.
1001 2792 1034 2859 id
1059 2794 1108 2859 est
1130 2790 1169 2860 ad
1191 2811 1285 2883 para·-

166 2908 220 2967 tos
242 2906 362 2991 pastus.

246 3010 320 3079 310.
353 3034 503 3081 urxruvs
524 3037 558 3083 ru
581 3036 723 3084 vrucms.
759 3014 791 3081 id
822 3021 888 3097 est,
909 3036 1020 3083 omnes
1047 3013 1127 3081 labri
1155 3010 1285 3082 uincam

161 3131 346 3214 operantur.
1293 3146 1320 3189 as

247 3232 320 3301 311.
343 3255 458 3305 roura
482 3260 644 3308 narraras.
669 3239 862 3306 ferramenta
885 3243 974 3318 sunt,
996 3234 1112 3329 quibus
1129 3242 1214 3303 terra
1229 3254 1286 3303 co·

159 3342 247 3413 litur.

258 3455 336 3525 313.
359 3482 420 3527 sva
440 3483 576 3529 nsoravs
593 3482 700 3538 arona
723 3482 755 3526 r.
783 3459 857 3549 quia
876 3466 951 3549 post
968 3456 1039 3525 illos
1057 3477 1151 3551 reges
1169 3454 1286 3525 tribuni

171 3565 336 3635 consulari
357 3578 516 3661 potestate
538 3569 770 3663 rempublicam
792 3569 1018 3662 gubernarunt.

164 3832 196 3893 t.
219 3833 392 3895 uiuebanto.
464 3842 491 3898 5.
512 3837 729 3920 npoorugeobp
743 3840 779 3895 Ρ.
799 3838 1030 3915 προσευχετηΒ.
1050 3828 1286 3917 προσεύχεσθαι

166 3911 315 3968 —diount
332 3922 399 3989 port
419 3918 521 3974 uiuunt
538 3924 654 3995 ponunt
673 3917 732 3981 ΡΒ,
751 3917 934 3991 transposuit
952 3932 977 3971 s.
1080 3918 1109 3972 6.
1131 3915 1236 3991 iugiter
1259 3930 1282 3971 c.

56 3996 67 4010 ⁸
167 3994 198 4047 0.
221 3989 307 4047 etiarn
328 4000 357 4048 et
376 3995 434 4051 ΡΒ.
515 4001 561 4054 10.
582 3994 696 4054 excusis
717 3994 774 4050 ΡΒ.
791 4010 900 4050 aomo.
1007 3994 1054 4049 12.
1075 3992 1204 4068 singulas
1226 3992 1285 4050 ΡΒ.

167 4083 244 4125 corr.
263 4085 291 4143 p.
395 4076 444 4129 21.
465 4072 615 4131 inueniant
633 4073 692 4129 ΡΒ.
795 4072 843 4127 23.
864 4076 964 4147 pastos
985 4069 1043 4126 ΡΒ.
1065 4085 1140 4127 corr.
1159 4086 1189 4146 p.

164 4147 216 4203 20.
237 4149 430 4208 consularium
450 4159 625 4229 potestatem
644 4150 673 4207 in
695 4146 844 4226 republica
863 4149 922 4205 ΡΒ.
949 4162 1023 4205 corr.
1041 4164 1065 4204 a.
