3025 4859
439 394 550 449 virsa
569 394 603 449 n.
622 396 711 451 rann
729 396 934 453 winusus.
1171 378 1247 455 389

135 564 211 633 darn
239 564 379 631 carmina
408 564 496 646 lecit,
520 587 603 657 quae
625 562 738 634 deinde
765 568 899 634 inseruit
927 569 960 635 in
988 588 1059 633 eam
1091 572 1248 657 satyram:

135 668 186 742 ‘et
204 698 277 767 spes
294 683 325 741 et
340 670 440 742 ratio?
464 684 538 742 sunt
553 685 658 743 autern
674 675 772 743 haec:
789 670 892 765 ‘quod
914 698 977 744 non
999 675 1073 743 dant
1095 698 1246 767 proceres

133 784 223 853 dabit
244 786 364 852 histrio,
388 793 421 850 ιιι
444 783 647 867 Camerinos,
677 795 711 853 ιιι
733 784 869 867 Bareas,
897 795 932 855 tu
953 786 1106 854 nobilium
1129 808 1246 878 magna

133 897 214 963 atria
237 892 353 965 curas?
386 896 566 986 praefectos
589 895 728 986 Pelopea
758 896 851 976 lacit,
877 895 1054 965 Philomela
1083 891 1245 963 tribunos?

133 1028 219 1098 qnae
242 1028 316 1073 cum
338 1008 378 1075 ad
400 1030 493 1074 aures
516 1010 641 1097 tyranni
654 1008 824 1087 uenissent,
837 1009 885 1073 sui
901 1008 1054 1098 temporis
1068 1008 1144 1074 uitia
1156 1007 1246 1098 carpi
1271 1034 1284 1075 s

132 1115 298 1184 intellexit.
322 1140 386 1208 qua
409 1140 450 1183 ex
472 1138 506 1184 re
530 1128 720 1199 commotus,
741 1116 829 1185 nulla
845 1116 906 1188 alia
928 1118 1097 1185 occasione
1118 1126 1246 1209 reperta

132 1225 306 1294 struendae
328 1229 438 1294 mortis
459 1230 490 1295 in
513 1226 704 1309 quenalem,
735 1227 794 1296 sub
816 1228 947 1295 honoris
974 1234 1144 1318 praetextu
1170 1227 1247 1295 fecit

131 1359 210 1405 eum
232 1338 428 1427 praelectum
455 1336 560 1406 militis
589 1347 697 1406 contra
719 1337 857 1418 Scotos,
895 1339 950 1429 qui
981 1334 1101 1403 bellum
1134 1345 1245 1403 eontra

131 1445 299 1515 Romanos
322 1456 504 1530 mouerant,
536 1458 571 1517 ut
598 1448 639 1515 ibi
663 1448 892 1516 interficeretur
913 1446 1079 1515 quenalis.
1117 1447 1175 1515 sed
1197 1457 1245 1514 ta·

131 1578 208 1624 men
232 1557 327 1650 paulo
350 1568 431 1650 post,
453 1566 488 1624 ut
511 1561 606 1627 sciret
628 1557 685 1625 sibi
702 1560 818 1627 iratum
832 1558 1017 1651 principem,
1038 1558 1070 1623 in
1094 1557 1245 1626 codicillis
1259 1582 1285 1623 so

131 1668 199 1735 suis
223 1667 264 1734 ad
286 1691 360 1735 eum
382 1670 413 1735 in
436 1671 579 1737 exercitu
601 1668 763 1737 mittendis
784 1668 931 1736 inseruit:
949 1663 997 1735 ‘et
1018 1677 1050 1734 te
1072 1666 1244 1760 philomela

131 1774 315 1871 promouit?
348 1802 411 1870 quo
441 1779 589 1847 ellectum
612 1790 661 1847 est
683 1787 718 1847 ut
739 1781 808 1869 ipse
831 1781 936 1846 animo
960 1787 1181 1847 consternatus
1203 1801 1247 1845 ex

132 1888 250 1957 mentis
272 1889 468 1981 aegritudine
491 1890 574 1957 diem
598 1914 692 1957 suum
716 1888 836 1955 obierit.

661 1996 714 2066 Vl.

220 2108 305 2178 Cum
335 2134 376 2178 ex
404 2113 529 2203 Aquino
563 2112 733 2203 municipio
761 2108 899 2178 Romam
929 2134 964 2178 se
994 2109 1181 2179 contulisset
1213 2118 1246 2178 et
1260 2139 1285 2181 ιι

134 2222 277 2288 uenisset
289 2244 346 2289 sua
361 2224 477 2290 uirtute
489 2222 528 2289 ad
545 2222 700 2313 equestris
716 2220 834 2288 ordinis
847 2222 1041 2314 dignitatem,
1053 2221 1092 2288 ad
1106 2221 1244 2288 mediam

135 2332 236 2399 ferme
260 2341 397 2399 aetatem
420 2332 618 2401 declamauit.
642 2334 673 2399 in
696 2330 845 2399 Paridem
867 2330 1167 2423 panthonimimum,
1190 2330 1244 2421 qui

134 2442 165 2509 in
196 2442 318 2515 deliciis
349 2446 434 2535 apud
462 2443 634 2511 Traianum
664 2443 890 2534 imperatorem
918 2440 1109 2525 habebatur,
1141 2442 1243 2534 primo

135 2553 276 2620 carmina
293 2555 397 2638 edidit,
421 2578 502 2648 quae
525 2563 637 2647 postea
660 2553 792 2619 inseruit
814 2553 845 2618 in
868 2575 939 2619 eam
961 2552 1089 2618 satiram
1106 2546 1155 2618 ‘et
1170 2571 1245 2641 spes

136 2671 169 2728 et
189 2660 289 2731 ratio?
325 2676 400 2733 sunt
422 2675 528 2734 autem
552 2666 645 2732 liaeo:
674 2660 776 2753 ‘quod
799 2684 862 2729 non
885 2662 962 2731 dant
983 2684 1135 2756 proceres
1157 2660 1285 2730 dabitoo

135 2769 255 2841 histrio.
279 2782 314 2842 tu
332 2776 530 2859 Camerinos,
554 2785 586 2843 ct
601 2773 730 2856 Bareas,
754 2782 789 2839 tu
800 2771 952 2840 nobilium
963 2796 1078 2865 magna
1095 2772 1172 2837 atria
1188 2794 1245 2838 cu·

135 2882 209 2951 ras?
243 2886 424 2977 praefectos
447 2885 588 2978 Pelopea
617 2886 706 2965 iacit,
735 2880 912 2951 Philomela
934 2878 1097 2951 tribunos.³
1130 2879 1245 2974 quibus

137 2992 294 3063 Traianus
305 2996 485 3089 intelligens
500 2998 573 3065 uitia
585 2998 674 3088 carpi
689 2994 736 3062 sui
752 2996 914 3085 temporis,
938 2997 985 3061 ira
997 2996 1137 3086 percitus
1152 3012 1246 3084 prae·

136 3112 227 3173 textu
244 3106 373 3173 honoris
390 3107 451 3174 hoc
470 3108 565 3174 modo
584 3114 698 3199 poetae
715 3106 826 3172 mortis
840 3105 1044 3173 instruendae
1059 3102 1245 3195 opportuni·

137 3222 236 3283 tatem
256 3219 384 3285 inuenit.
418 3218 493 3285 iecit
515 3240 588 3285 eum
611 3218 809 3310 praelectum
832 3214 966 3282 militum
987 3222 1096 3282 contra
1119 3212 1246 3291 Scotos‚
1259 3236 1287 3276 os

139 3327 191 3414 qui
205 3324 324 3395 bellum
339 3326 491 3397 Romanis
504 3337 687 3409 mouerant,
707 3326 750 3393 ibi
771 3334 807 3392 ut
827 3322 986 3391 luuenalis
1006 3322 1246 3391 interficeretur.

139 3456 180 3500 ex
201 3458 265 3527 quo
283 3438 431 3507 ellectum
455 3448 504 3506 est
525 3447 561 3505 ut
581 3446 677 3530 poeta
696 3437 802 3503 animo
825 3442 1046 3502 consternatus
1069 3456 1111 3501 ex
1132 3431 1248 3499 mentis

138 3546 334 3637 aegritudine
356 3548 450 3617 simul
473 3548 559 3617 obiit.

140 3768 168 3828 5.
190 3772 310 3831 Traiani
330 3793 368 3833 nr.
448 3776 498 3835 vt.
519 3793 554 3833 en
575 3773 637 3834 aod.
661 3770 814 3834 amouens
832 3789 848 3829 s
866 3773 1043 3829 monasterio
1057 3774 1165 3829 Soaott
1177 3769 1247 3828 Sot-

143 3853 254 3907 autoris
273 3849 305 3907 de
327 3855 459 3913 Bononia
478 3872 506 3911 ιι.
527 3852 695 3912 llo-400
715 3848 760 3909 ed.
780 3848 946 3907 Aoiointrs.
1036 3853 1083 3907 18.
1104 3848 1246 3903 Domitia-

144 3940 207 3980 num
228 3926 395 3990 Aninintre.
415 3930 470 3987 aar.
492 3930 618 3989 Francis
636 3946 730 3987 ιιιιιιιι.
751 3930 819 3985 orit.
839 3943 869 4002 p.
883 3929 931 3992 23.
1031 3928 1077 3985 19.
1097 3923 1161 3995 Vll,
1182 3929 1209 3982 1.

142 4002 189 4056 20.
210 4002 273 4073 Vll,
293 4008 330 4064 89
350 4026 410 4084 sqq.
507 4011 554 4068 22.
578 4006 743 4063 Hadrianus
764 4002 931 4061 doleiam.
1026 4006 1075 4061 23.
1096 4009 1248 4079 praetextu

142 4071 259 4137 honoris
280 4091 346 4141 ante
366 4084 546 4163 praesectum
566 4102 594 4141 ιι.
606 4088 643 4142 25
664 4084 746 4159 ponit
767 4080 1008 4139 transtrorum.
1027 4082 1095 4137 orit.
1114 4079 1207 4155 pat.

143 4153 190 4239 Υζ.
210 4154 344 4217 effectum
365 4172 409 4221 est
430 4170 460 4219 at
479 4160 532 4219 del.
554 4160 679 4219 starola
698 4176 794 4217 snam
814 4158 880 4216 ortt.
899 4174 929 4235 p.
941 4157 989 4215 24.
1048 4165 1077 4215 et
1097 4156 1250 4215 mentis-

144 4230 307 4292 stimulatus
328 4238 453 4297 Francis
471 4256 565 4297 mom.
587 4239 653 4296 orit.
674 4255 702 4313 p.
716 4236 765 4294 24.
