3025 4859
292 360 371 437 260
683 374 845 433 scaonis
862 374 1023 433 rursm.

376 541 452 612 423.
472 564 668 613 excurrare
692 566 821 613 ceren.
842 566 908 613 non
930 544 1017 637 cogit
1038 540 1229 624 exclamare,
1250 537 1338 633 quud
1357 539 1402 608 le·

292 652 388 722 sierit.
410 652 465 720 illa
486 675 550 720 nan
573 654 741 737 exclamat,
763 656 820 722 sed
842 656 999 747 patienter
1021 655 1144 723 tolerat.

376 764 450 832 426.
473 786 699 833 cesarnonvu.
723 764 810 855 [425.
833 766 1056 855 vacvsnsvn}
1080 769 1305 857 exspectantes
1320 762 1401 843 dicit,

293 874 369 942 dum
391 874 514 941 uenerit
535 897 554 941 e
574 873 705 943 balneis.
791 897 1010 945 onnoenoavu
1027 876 1163 969 prendit,
1184 873 1271 968 quad
1292 895 1403 943 urnam

256 1010 269 1052 s
296 986 389 1077 capit,
412 993 444 1051 et
465 985 511 1053 sic
532 984 619 1053 bibit.

376 1095 451 1163 427.
484 1116 645 1164 snuorvu
666 1118 813 1167 rsnmvs.
850 1098 891 1166 ad
919 1098 1018 1189 pedes
1041 1097 1165 1191 accipit
1293 1095 1405 1179 idest,

292 1204 497 1299 antepedes.

376 1316 452 1383 423.
473 1336 632 1385 uvcrrvn.
653 1315 742 1400 bibit,
765 1329 801 1387 ut
822 1320 955 1413 digerat.

380 1426 455 1494 429.
477 1447 575 1494 rsnrr
597 1450 780 1496 rnrssrrso.
803 1451 877 1498 cum
900 1431 1006 1523 coepit
1028 1429 1115 1497 ebria
1137 1430 1267 1497 reicere.

255 1555 284 1598 1⁰
378 1538 453 1607 430.
474 1557 696 1607 uanuanmvs.
717 1539 750 1607 in
772 1538 907 1609 triclinia
928 1561 1119 1609 marmoreo.
1197 1537 1404 1609 svnnrsFa·

296 1670 440 1719 tenuvia.
461 1647 495 1715 id
516 1654 575 1730 est,
596 1648 728 1718 flumina
750 1651 816 1718 uini
837 1660 969 1719 currunt
990 1650 1043 1719 illa
1065 1657 1225 1718 uomente.

377 1760 453 1829 432.
475 1780 651 1827 neomenia
674 1782 823 1828 sensurus.
850 1762 895 1829 ita
920 1768 995 1854 post
1021 1762 1178 1829 uomitum
1204 1760 1296 1843 bibit,
1326 1770 1404 1829 tam-

294 1894 392 1965 quam
412 1890 554 1962 serpens,
575 1869 702 1961 quando
723 1871 757 1939 in
780 1870 909 1941 duleum
923 1874 988 1941 uini
1006 1872 1168 1955 ceciderit,
1187 1868 1326 1940 bibendo
1349 1893 1403 1940 uo·

292 1983 353 2051 mit
375 1988 408 2048 et
429 1978 590 2047 uomendo
612 1978 717 2049 denuo
738 1978 825 2049 bibit.

257 2107 285 2148 1⁵
380 2090 455 2157 434.
476 2109 551 2155 rana
566 2112 678 2158 rauca
692 2116 844 2162 enarras.
867 2094 1025 2163 Statiliam
1046 2090 1249 2162 Messalinam
1270 2093 1404 2161 insecta·

294 2211 355 2283 tur,
378 2222 461 2292 quae
482 2207 556 2290 post
577 2209 729 2291 quattuor
748 2206 950 2273 matrimonia
967 2206 1095 2273 diuerso
1112 2205 1200 2272 exitu
1222 2202 1327 2271 soluta
1348 2224 1403 2295 pa-

293 2321 414 2381 stremo
435 2308 559 2378 Neroni
579 2314 695 2403 nupsit.
717 2322 792 2405 post
814 2338 910 2407 quem
931 2315 1157 2408 interemptum
1179 2324 1212 2383 et
1237 2312 1351 2405 opibus
1373 2320 1404 2381 et

291 2426 396 2493 forma
418 2429 452 2489 et
471 2421 599 2513 ingenio
621 2422 793 2514 plurimum
815 2426 924 2517 uiguit.
947 2436 1131 2494 consectata
1152 2435 1202 2496 est
1223 2446 1319 2495 usum
1339 2422 1402 2493 elo-

295 2534 443 2628 quentiae
462 2553 565 2622 usque
591 2531 631 2599 ad
658 2534 799 2601 studium
826 2534 1034 2604 declamandi.
1069 2537 1124 2605 illu
1151 2544 1295 2627 tempore
1324 2536 1402 2604 duae

256 2642 486 2717 ²⁰Messalinae
507 2642 648 2723 luerunt,
669 2644 751 2714 haec
775 2652 807 2713 et
828 2641 969 2728 Valeria,
1001 2646 1041 2715 cle
1068 2670 1132 2739 qua
1158 2645 1315 2716 Claudius
1334 2644 1403 2714 Bri-

293 2756 457 2826 mancum
477 2753 576 2823 lilium
597 2754 737 2822 sustulit.

377 2864 453 2934 435.
472 2886 603 2934 unvair
625 2863 826 2937 Vsncnrvu.
848 2890 878 2936 r.
901 2868 978 2937 dicit
999 2870 1149 2938 miseram
1170 2890 1254 2962 quae
1274 2870 1368 2963 perit.

377 2976 452 3043 436.
475 2996 659 3044 cosmarus
678 2998 793 3045 varus.
815 2976 956 3070 disputat
977 2978 1017 3047 de
1039 2978 1232 3050 auctoribus.

378 3083 453 3151 437.
475 3108 510 3153 rn
532 3110 685 3157 caverna.
708 3087 741 3155 id
764 3088 866 3158 estin
888 3089 1012 3159 iudicio.

255 3208 284 3251 2⁵
377 3194 453 3265 438.
490 3216 623 3267 cunvnr
649 3218 864 3269 esauuarrcr.
904 3207 937 3268 et
969 3201 1167 3293 grammatici
1197 3210 1230 3271 et
1262 3213 1403 3274 oratores

295 3312 472 3376 cesserunt.

316 3425 322 3434 '
378 3414 454 3487 440.
474 3437 604 3488 serena
618 3439 683 3487 nec
698 3440 831 3488 usuras.
853 3428 977 3491 tantum
991 3421 1059 3493 sola
1073 3422 1214 3517 loquitur
1227 3433 1262 3494 et
1280 3424 1404 3495 clamat

380 3528 455 3598 443.
477 3550 691 3600 svccvnnsan
705 3550 823 3601 urnae.
845 3534 960 3617 solutu,
981 3532 1050 3603 lieri
1065 3540 1101 3603 ut
1122 3534 1256 3621 adsolet,
1278 3536 1403 3632 quanda

292 3634 370 3709 luas
390 3636 506 3709 defiat.

294 3908 322 3964 1.
343 3911 441 3963 natem
466 3907 544 3983 cogit
572 3909 603 3968 G.
621 3908 725 3969 Bartb.
750 3928 875 3967 cunnum
895 3909 1127 3987 Sebartzpls'sseb.
1223 3916 1329 3977 lecerit
1347 3918 1403 3976 ΡΒ.

294 4000 371 4043 cors.
394 3984 425 4042 G.
443 3984 544 4043 Bartb.
623 3991 651 4044 3.
671 4005 858 4046 vssvcsrvn
878 3988 944 4046 eald.
965 4008 990 4048 s.
1068 3997 1096 4051 4.
1118 4013 1182 4051 cum
1207 3996 1267 4053 ΡΒ.
1287 4014 1364 4055 eurr.
1381 4012 1402 4051 s.

258 4091 262 4099 ·
294 4063 322 4118 9.
345 4064 475 4138 coeperit
493 4081 518 4120 s.
630 4064 678 4124 15.
698 4074 791 4124 sectat
810 4068 869 4126 ΡΒ.
884 4084 997 4125 coms.
1107 4076 1156 4131 23.
1177 4072 1327 4133 altioribus
1346 4074 1401 4131 ΡΒ.

283 4138 341 4197 23.
362 4138 486 4198 sonitum
504 4144 541 4199 P.
