3025 4859
300 354 376 428 256
689 373 852 427 scuonn
871 374 1031 429 veruna.

386 535 460 601 350.
485 558 651 605 concensu
674 562 797 607 srnvu.
820 562 903 630 quae
926 538 1059 631 pedibus
1083 542 1148 609 suis
1170 539 1318 607 ambulat

384 644 458 713 351.
480 668 636 715 vcmrvn.
658 650 690 715 id
714 658 763 717 est
783 651 816 717 in
830 648 953 731 lectica,
975 659 1012 717 ut
1021 650 1152 719 Cicero:
1170 646 1268 731 ‘nam,
1290 659 1327 718 ut
1342 673 1407 719 mos

301 761 359 835 est,
380 752 494 823 lectica
516 759 557 825 ad
578 760 683 825 sorum
706 756 868 825 [erebant.³
979 782 1118 827 cssvros
1141 761 1310 829 Sunonvn.
1345 782 1407 825 ser-

300 886 424 932 uorum.
458 865 558 933 uerbo
585 891 663 936 usus
689 878 740 937 est
767 873 900 939 comico.
934 892 1008 937 narn
1031 870 1203 961 antiquitus
1230 870 1332 937 seruis
1353 892 1407 937 no·

260 995 274 1035 s
300 976 385 1042 mina
407 976 616 1068 exgentibus
638 980 704 1047 suis
723 980 940 1070 ponebantur,
969 988 1005 1047 ut
1033 981 1119 1070 apud
1141 979 1327 1049 Terentium
1350 980 1408 1047 fre

300 1094 435 1176 quenter
455 1084 600 1178 legimus.

298 1245 301 1249 ι
384 1194 457 1262 352.
480 1217 525 1262 vr
547 1218 695 1267 srnc‘rsr
716 1221 822 1267 sucos
845 1221 874 1265 c.
897 1220 927 1264 o.
951 1220 982 1264 o.
1007 1197 1184 1289 [Ocvnnrn]
1208 1221 1327 1269 nomen
1342 1224 1408 1268 mu-

299 1302 400 1385 lieris,
429 1328 512 1395 quae
533 1308 735 1376 conducebat
761 1307 820 1376 sibi
843 1315 991 1374 ornatum
1014 1317 1047 1373 et
1068 1310 1114 1375 sic
1135 1307 1201 1375 ibat
1223 1311 1263 1378 ud
1286 1320 1407 1404 specta-

300 1414 418 1483 culum.

263 1551 289 1592 ro
383 1525 455 1593 353.
479 1549 644 1596 conoucrr
661 1547 811 1595 courres.
834 1524 974 1608 ancilias,
995 1548 1077 1618 quae
1099 1530 1202 1619 ipsam
1224 1538 1406 1622 sequuntur.

379 1636 454 1703 354.
475 1658 644 1705 uvrnrcsrr
667 1660 710 1703 er
731 1657 871 1705 rcnvsu.
894 1634 1034 1727 puellam
1049 1639 1215 1719 minorem,
1237 1662 1405 1731 perquam

295 1745 447 1814 adulteris
468 1748 534 1813 suis
554 1745 692 1814 mandet.

378 1858 453 1924 356.
477 1880 519 1923 cs
542 1880 623 1923 vssn
644 1876 810 1923 novrssrus
834 1876 953 1922 oonsc.
978 1856 1146 1923 conterunt
1167 1880 1217 1923 res
1240 1866 1405 1948 parentum

297 1967 358 2035 illis
380 1988 462 2058 quos
484 1973 600 2032 amant

260 2102 285 2145 n
382 2077 457 2145 357.
477 2096 597 2143 uverrs
618 2096 677 2142 nes
699 2096 857 2141 suovsun.
879 2096 1037 2166 pauperes
1059 2084 1141 2143 sunt.
1220 2101 1280 2145 sen
1302 2101 1404 2147 nvem

297 2208 462 2257 cvoonuu.
486 2186 546 2252 etsi
567 2206 726 2276 pauperes
747 2192 830 2263 sunt,
852 2205 917 2251 non
938 2182 1139 2266 erubescunt,
1161 2187 1218 2254 sed
1241 2196 1358 2257 amant

379 2297 453 2365 358.
490 2316 553 2363 nec
581 2318 618 2361 se
645 2316 792 2363 unrrrvn
820 2317 862 2361 nn
884 2316 996 2361 rsuvu.
1033 2314 1097 2361 non
1130 2316 1166 2361 se
1199 2299 1345 2388 agrroscit
1375 2306 1405 2363 et

297 2411 447 2480 continet.

379 2519 453 2586 360.
480 2536 691 2584 cnosrrcrvnr
714 2536 896 2590 nerovsuuo
917 2538 949 2580 v.
972 2538 1000 2580 s.
1023 2536 1051 2581 r.
1083 2538 1158 2583 nam
1180 2516 1239 2583 uiri
1261 2518 1402 2585 conside-

257 2651 285 2691 eo
295 2638 367 2698 rant
388 2651 424 2695 se
447 2636 479 2694 et
500 2648 591 2693 suam
612 2632 834 2717 paupertatem
854 2625 1061 2717 dispositione
1083 2624 1151 2692 utili
1172 2624 1360 2716 gubernant.

380 2738 466 2822 (361.
487 2758 629 2803 ronuron
651 2740 798 2821 rsuosu)
823 2734 965 2823 [snmus]
990 2741 1023 2801 et
1045 2734 1143 2801 tritam
1165 2743 1198 2801 et
1220 2742 1353 2803 uestem.

380 2846 454 2914 362.
489 2867 610 2913 seusun
638 2866 775 2913 oeusvu.
812 2866 886 2912 nam
918 2842 1067 2911 mulieres
1095 2844 1319 2934 patrimonium
1347 2846 1402 2912 mi-

295 2978 393 3024 nuere
414 2976 479 3023 non
501 2953 718 3035 considerant,
745 2955 803 3023 sed
829 2955 873 3021 ita
894 2975 1005 3022 secum
1026 2951 1161 3034 habent,
1191 2961 1354 3046 tamquam
1377 2954 1402 3019 si

294 3070 480 3135 renascatur
499 3064 634 3154 pecunia
654 3064 688 3131 in
709 3064 824 3131 eodem
847 3062 918 3131 ioco
946 3062 1030 3129 unde
1057 3060 1186 3143 tollunt,
1216 3073 1271 3130 aut
1293 3085 1403 3132 cumu-

256 3202 282 3245 rs
294 3174 361 3244 lum
383 3173 514 3265 plenum
534 3194 661 3263 semper
681 3174 850 3241 inueniant

377 3285 451 3353 366.
472 3302 556 3350 svnr
579 3303 659 3359 ovas
682 3305 835 3351 svnvonr.
861 3280 987 3349 inutiles
1008 3279 1048 3348 ad
1071 3279 1285 3347 concubitum.
1309 3279 1403 3370 [Ver-

246 3452 256 3469 .
293 3394 386 3489 gilius
407 3419 516 3489 georg.
539 3393 585 3477 111,
607 3394 679 3484 98];
707 3388 757 3461 ‘et
784 3378 959 3483 siquando
982 3390 1022 3457 ad
1044 3388 1165 3481 proelia
1188 3398 1322 3457 uentmn
1345 3398 1403 3470 est,

292 3514 328 3572 ut
349 3506 509 3597 quondam
529 3506 652 3598 stipulis
674 3526 811 3597 magnus
832 3522 907 3568 nam
928 3498 1048 3567 uiribus
1068 3498 1150 3590 ignis
1171 3498 1334 3565 incassum
1355 3500 1403 3565 fu·
1477 3538 1478 3545 κ

290 3724 319 3776 2.
338 3713 470 3796 ‘oippor
487 3720 650 3796 sipniricot¹
679 3719 775 3795 inponit
797 3714 917 3773 Probus.
949 3712 1028 3790 opstat
1050 3713 1192 3786 Bithynos
1210 3720 1310 3771 outorn
1331 3731 1403 3771 esus

290 3796 402 3854 iocticoo
420 3799 557 3855 inuentus
576 3790 635 3855 cst?
661 3800 694 3853 V.
795 3794 852 3851 Gic.
877 3794 955 3849 Verr.
980 3795 1079 3860 1211,
1099 3794 1137 3849 27
1156 3791 1261 3867 respici
1280 3796 1400 3866 putant,

290 3872 329 3944 cf.
341 3872 407 3931 ortu.
418 3873 477 3933 scit.
489 3878 590 3942 1‚121.
639 3878 666 3931 3.
688 3872 819 3930 lecticam
830 3871 861 3925 S.
922 3874 969 3926 10.
985 3877 1177 3943 sequantura.
1237 3870 1287 3924 20.
1308 3865 1402 3924 sedet

290 3952 348 4009 PS.
364 3968 436 4008 corr.
456 3970 483 4009 o.
580 3954 628 4007 21.
650 3951 755 4006 uictum
776 3947 946 4003 Hennintua.
1044 3948 1093 4003 25.
1111 3936 1269 4019 ‘reputent
1290 3942 1341 4001 cert
1358 3942 1402 4001 tric

289 4045 391 4085 amores
410 4031 441 4085 tn
461 4026 628 4105 quibusdam
647 4042 707 4082 oon
725 4030 779 4094 aot,
799 4028 834 4078 ut
853 4022 883 4078 tn
905 4022 949 4077 uit
968 4015 1096 4079 Probus?
1122 4024 1155 4078 V.
1258 4023 1307 4078 26.
1332 4021 1398 4075 Vct·

290 4104 356 4178 pilii
375 4105 468 4164 iocum
486 4104 628 4163 indicauit
650 4106 683 4160 V.
705 4100 743 4173 cf.
765 4104 802 4156 n.
816 4040 984 4174 Pcecikomp
1005 4097 1043 4155 od
1063 4102 1135 4155 Hor.
1156 4113 1244 4154 coron.
1265 4115 1294 4173 p.
1307 4096 1347 4153 40
1357 4113 1397 4169 sq.

290 4185 338 4240 28.
359 4184 388 4239 in
408 4183 522 4261 stipulis
541 4198 662 4257 magnus
683 4180 744 4236 sinc
766 4176 873 4232 uiribus
897 4178 980 4249 Verp.
