3025 4859
272 375 322 449 66
650 391 686 444 o.
703 390 792 445 rann
811 389 1003 446 rvrnnrnrs

269 581 330 628 nec
353 558 491 626 curanda
514 561 590 628 uiris
607 562 720 652 opicae
742 562 877 652 castigat
898 561 1019 627 amicae
1310 566 1373 626 455

269 668 383 736 uerba:
410 668 636 740 soloecismum
657 671 751 739 liceat
772 673 886 740 secisse
908 670 1030 738 marito.

354 777 408 846 Nil
430 802 494 847 non
516 785 669 874 permittit
689 780 803 849 mulier
825 781 898 860 sibi,
922 789 1014 871 turpe
1035 788 1126 870 putat
1148 779 1205 860 nil,

271 913 346 959 curn
367 889 484 958 uirides
507 915 651 983 gemmas
674 891 757 960 collo
780 889 987 958 circumdedit
1008 898 1040 956 et
1062 911 1136 956 cum

272 999 399 1068 auribus
422 1003 558 1068 extentis
580 1025 715 1094 magnos
738 1002 898 1068 commisit
920 998 1078 1068 elenchos.

270 1108 496 1178 intolerabilius
518 1111 595 1179 nihil
618 1121 682 1192 est,
706 1135 801 1204 quam
824 1113 940 1178 semina
963 1111 1060 1179 diues.
1312 1121 1373 1182 460

218 1235 258 1276 ⁴⁶⁴
271 1221 312 1287 ad
332 1220 503 1288 moechum
525 1221 591 1290 lota
613 1224 745 1290 ueniunt
768 1233 851 1290 cute.
881 1223 1008 1313 quando
1031 1223 1133 1290 uideri

270 1330 341 1398 uult
363 1332 524 1400 formonsa
547 1331 655 1400 domi?
682 1332 824 1399 moechis
848 1331 955 1400 foliata
977 1342 1142 1423 parantur,

218 1462 258 1504 roo
271 1441 319 1508 his
342 1445 456 1510 emitur
479 1444 631 1534 quidquid
653 1443 788 1536 graciles
810 1443 874 1513 huc
896 1445 1017 1512 mittitis
1039 1440 1114 1512 lndi.

217 1573 257 1614 ror
270 1555 390 1620 interea
411 1555 505 1622 foeda
527 1563 659 1646 aspectu
681 1555 875 1646 ridendaque
897 1553 997 1621 multo

269 1687 352 1756 pane
374 1673 476 1732 tumet
496 1665 594 1732 facies
616 1673 671 1731 aut
693 1665 821 1756 pinguia
842 1663 1033 1755 Poppaeana

217 1791 256 1832 ⁴⁶³
271 1776 381 1866 spirat,
405 1783 437 1841 et
458 1773 532 1842 lrinc
553 1776 660 1842 miseri
682 1777 845 1842 niscantur
866 1775 954 1842 labra
977 1777 1086 1842 mariti.

267 1886 396 1952 tandem
418 1887 519 1976 aperit
540 1885 664 1953 uultum
687 1896 719 1952 et
741 1888 874 1954 tectoria
896 1887 996 1976 prima
1017 1887 1158 1977 reponit,

266 1996 376 2086 incipit
397 1997 542 2087 agnosci,
565 1998 669 2089 adque
690 1996 744 2064 illo
767 1997 850 2065 lacte
873 1999 1013 2077 louetur,

267 2114 398 2197 propter
421 2106 508 2198 quod
530 2129 640 2173 secum
663 2109 796 2175 comites
819 2110 925 2176 educit
947 2106 1075 2188 asellas,

268 2213 343 2282 exrrl
365 2214 610 2308 Hyperboreum
633 2220 659 2285 si
682 2220 856 2286 dimittatur
877 2217 918 2286 ad
941 2240 1044 2286 axem.

267 2326 324 2392 sed
347 2349 429 2416 quae
450 2329 580 2395 mutatis
602 2329 758 2397 inducitur
780 2328 881 2420 adque
904 2330 1033 2396 louetur

267 2444 315 2502 tot
335 2437 596 2506 medicaminibus
618 2449 794 2531 coctaeque
817 2437 946 2530 siliginis
970 2437 1048 2504 ollas

266 2547 381 2638 accipit
403 2555 435 2612 et
456 2549 617 2630 madidae,
640 2552 737 2618 facies
761 2551 884 2618 dicetur
906 2571 946 2616 an
967 2545 1082 2612 ulcus?

351 2655 411 2722 Est
433 2659 571 2748 pretium
593 2681 689 2726 curae
710 2661 837 2750 penitus
860 2679 1071 2749 cognoscere,
1094 2664 1162 2724 toto

266 2770 340 2861 quid
362 2768 479 2835 iaciant
500 2769 684 2859 agitentque
706 2769 767 2836 die.
796 2771 821 2836 si
843 2776 938 2836 nocte
961 2768 1093 2836 maritus
1308 2776 1370 2840 475

265 2901 396 2947 auersus
418 2879 528 2958 iacuit,
549 2881 644 2970 periit
662 2878 804 2960 libraria,
826 2885 949 2972 ponunt

264 3146 330 3205 455.
352 3147 420 3204 uiris
441 3143 509 3202 Σωτ
532 3144 601 3202 milri
620 3146 654 3200 P.
784 3143 850 3202 469.
872 3145 994 3201 extentis
1013 3148 1071 3212 Ρςτ
1096 3146 1221 3203 extensis
1243 3163 1278 3202 ω.

264 3224 413 3280 committit
433 3221 512 3294 odfc.
643 3220 701 3278 460
718 3222 848 3297 oportum
866 3219 969 3278 butant
985 3221 1145 3280 Poldorano
1169 3221 1326 3298 (Zottsobr.
1343 3221 1368 3296 f.

263 3299 389 3358 all-tertia.
404 3303 493 3359 Wtec.
506 3303 582 3357 1838
593 3317 621 3374 p.
634 3295 723 3370 1143)
739 3305 766 3354 64
781 3297 927 3354 Heinrich.
949 3306 1015 3374 post
1028 3303 1086 3356 460
1100 3303 1132 3357 tn
1145 3299 1225 3357 codd.
1239 3299 1369 3375 loquatur

262 3379 329 3444 464,
339 3380 406 3444 465,
418 3379 484 3443 466,
495 3394 550 3433 ouo
563 3377 622 3433 loeo
634 3376 754 3450 repositi
766 3393 784 3430 o
792 3373 946 3449 Muduiqio
959 3379 1066 3452 oppll
1075 3379 1222 3453 616566.
1237 3379 1369 3454 poot470

263 3471 312 3511 eoo
324 3457 394 3528 pont
405 3457 493 3512 tussit
502 3455 645 3528 Ruperti,
669 3458 737 3526 post
749 3455 806 3508 473
823 3452 967 3509 Goaeolez
980 3453 1017 3510 od
1030 3456 1151 3512 Patron.
1162 3458 1209 3522 23,
1220 3458 1255 3513 H
1263 3472 1292 3530 p.
1300 3457 1366 3512 121.

263 3529 410 3588 Doooolo.
488 3533 555 3587 461.
577 3529 637 3586 lota
654 3529 773 3585 ueniunt
790 3526 979 3603 Pobodfpluo:
1000 3531 1118 3587 ueniunt
1136 3531 1195 3587 lota
1211 3547 1238 3598 ς.
1264 3531 1367 3590 ΜΟΕ-

266 3605 388 3664 CHVM.
400 3607 435 3664 L.
450 3609 482 3665 S.
506 3606 626 3664 ueniunt
635 3602 665 3662 Σ
668 3645 677 3672 ,
697 3607 795 3662 ueniet
810 3621 836 3671 ς.
895 3607 961 3666 462.
977 3606 1116 3663 sormoasa
1126 3611 1162 3675 P,
1180 3607 1328 3666 formonsa
1340 3605 1364 3680 f.

261 3683 329 3742 463.
349 3683 406 3739 lruc
423 3702 463 3738 ar.-
482 3683 529 3738 lric
542 3685 600 3739 ΡΒ.
664 3684 731 3740 465.
751 3680 995 3759 PoppeanaPSf.
1053 3685 1120 3744 468.
1142 3684 1191 3741 illo
1207 3693 1275 3742 tunc
1290 3686 1365 3743 lacte

261 3759 390 3817 Solantidt
401 3756 439 3817 od
448 3763 556 3828 xlm,
566 3763 604 3818 49
616 3777 645 3833 p.
653 3761 720 3817 304.
790 3761 856 3818 469.
878 3769 990 3818 centnm
1004 3762 1121 3818 comites
1141 3761 1228 3820 aood.
1243 3763 1273 3820 G.
1288 3766 1366 3820 Bar·-

262 3837 341 3894 tbiua
352 3835 440 3894 6666.
455 3855 524 3894 ntes.
539 3839 644 3904 CLXI,
657 3841 683 3892 1.
772 3836 824 3895 471
839 3854 900 3913 sqq.
922 3837 975 3894 sed
995 3869 1033 3878 —
1055 3837 1134 3894 ulcus
1154 3838 1314 3912 Aupostta.
1330 3837 1365 3896 de

259 3917 506 3988 966666661976.
559 3913 628 3989 quid
638 3913 831 3987 Aepuotinus.
886 3912 953 3973 473.
968 3914 1072 3991 accipit
1086 3923 1114 3971 et
1126 3913 1260 3972 madidae
1271 3915 1363 3974 facies

260 3989 406 4065 obodfqbw
416 3992 617 4064 Aopucttmre:
637 3991 760 4067 aecipite
777 3991 867 4047 sacies
879 3990 1013 4048 madidae
1023 3994 1057 4060 P,
1074 3991 1269 4048 nccrl‘l'rn.
1281 3992 1315 4049 F.
1331 3995 1363 4060 S,

260 4069 365 4144 accipit
376 4077 405 4125 et
415 4068 504 4124 facies
517 4066 651 4123 madidae
663 4082 691 4133 ς.
717 4067 791 4125 haec
800 4067 891 4124 facies
903 4069 1040 4126 Eromtto.
1110 4069 1177 4127 474.
1199 4079 1244 4126 est
1255 4087 1361 4146 operae

257 4147 380 4218 pretium
401 4141 485 4216 odys.
562 4143 677 4222 penitus
698 4145 810 4218 cogitur
826 4162 1001 4220 cognoscere
1018 4148 1053 4204 Ρ.
1075 4154 1120 4203 est
1139 4163 1258 4222 operae,
1277 4163 1360 4204 curas

256 4221 372 4297 penitus
392 4237 567 4294 cognoscere
588 4217 804 4293 Soburzplaieob.
