3025 4859
274 375 352 453 3³0
658 388 999 445 scuoartvuruaa.

274 560 457 650 frequenter
479 557 630 639 antidoto,
652 564 688 625 ut
709 556 814 648 perire
835 578 900 625 non
920 564 1038 648 posset
1071 564 1184 648 postea
1205 578 1284 625 uera
1306 557 1386 625 Far-

276 692 373 739 naoes
396 668 550 737 suecessit
572 668 641 735 eius
662 668 807 760 imperia.

359 780 432 846 274.
455 802 498 845 nr
521 775 689 844 Cnossvu.
712 800 787 845 eum
809 780 893 846 enim
914 779 1127 869 interrogatus
1149 778 1260 845 luisset
1281 776 1385 849 Solon

276 914 294 959 a
317 888 458 971 Croeso,
488 890 515 955 si
537 887 675 979 aliquem
698 888 828 956 uidisset
851 898 916 955 tana
938 889 1078 981 gloriose
1100 898 1302 981 regnantem,
1329 888 1384 957 ille

250 1001 357 1069 edixit
389 1000 503 1067 debere
533 1000 616 1064 uitae
644 998 774 1067 ultimae
796 1009 947 1068 euentum
974 1000 1144 1089 expectari.
1183 1022 1280 1091 quem
1308 1022 1385 1069 eum

277 1112 372 1179 Cirus
395 1119 523 1202 captum
548 1110 650 1177 uictor
672 1110 784 1177 uiuum
804 1110 995 1177 iussissetin
1011 1130 1090 1201 rago
1105 1110 1222 1201 inponi,
1244 1110 1384 1181 clamare

276 1223 383 1313 eoepit
409 1219 563 1288 Solonem
591 1242 655 1287 non
682 1220 741 1287 sibi
769 1242 840 1288 osse
867 1221 1045 1289 mentitum.
1077 1220 1182 1311 adque
1213 1222 1257 1289 ita
1284 1232 1335 1289 est
1364 1246 1386 1291 a

277 1332 353 1399 Ciro
381 1329 532 1399 liberatus
565 1332 694 1399 timente
727 1354 769 1398 ne
799 1330 919 1422 aliquid
945 1330 1004 1398 sihi
1031 1330 1209 1399 laceretis
1239 1342 1385 1403 extrema

275 1444 360 1511 uitae
382 1442 482 1532 spatia
504 1440 696 1533 perduranti.
1434 1530 1437 1537 Ι

238 1580 265 1621 ra
360 1554 433 1619 276.
472 1574 608 1619 axrmvu
630 1574 673 1619 ar
697 1576 834 1621 canosa.
870 1576 944 1621 eum
973 1552 1052 1621 Silla
1080 1576 1153 1622 oum
1175 1550 1325 1647 Iugurtha
1351 1557 1387 1625 in

277 1665 383 1731 Airioa
406 1670 572 1756 pugnaret,
600 1661 720 1731 Marius
741 1686 837 1756 supra
857 1665 963 1755 ipsum
984 1663 1108 1745 ambiit,
1133 1672 1166 1731 et
1188 1665 1303 1733 missus
1325 1675 1386 1734 est.

275 1776 330 1845 illo
353 1782 493 1855 remoto,
517 1774 600 1841 uicit.
625 1773 778 1866 posthaec
798 1798 873 1841 eum
895 1775 1000 1843 denuo
1022 1776 1063 1844 ad
1084 1764 1273 1843 llitridatem
1293 1774 1386 1867 Sylla

277 1889 455 1955 mitteretur
482 1893 514 1951 et
542 1884 705 1976 profectus
738 1893 825 1951 osset
850 1886 882 1952 in
908 1884 1099 1977 Campania,
1132 1888 1249 1954 iterum
1278 1889 1387 1979 eoepit

278 1997 398 2065 ambire
421 2018 514 2087 supra
538 2018 621 2063 eum.
645 1994 761 2061 exinde
782 1994 941 2064 discordia
961 1999 1043 2065 inter
1064 2020 1121 2065 eos
1143 2007 1216 2065 nata
1237 2006 1295 2064 est
1327 2022 1386 2067 ue·

239 2131 349 2180 aarum
372 2128 446 2175 cum
469 2103 559 2194 Sylla
579 2113 795 2173 reuerteretur
822 2104 863 2171 oh
890 2104 972 2173 hane
993 2130 1138 2188 eausam,
1165 2107 1284 2177 hlan'us
1305 2111 1388 2203 lugit

278 2228 311 2286 et
340 2218 428 2284 latuit
462 2216 494 2283 in
523 2214 653 2284 calamis
685 2215 718 2283 in
748 2213 977 2281 Minturnarum
1009 2217 1187 2308 paludibus.
1224 2220 1280 2311 qui
1311 2244 1387 2290 eum

276 2330 389 2397 luisset
408 2327 526 2395 ibidem
548 2326 682 2419 agnitus,
704 2326 736 2391 in
758 2347 921 2393 carcerem
942 2328 1058 2393 missus
1079 2337 1144 2412 est3
1166 2336 1199 2395 et
1220 2352 1294 2398 eum
1316 2353 1387 2400 oar·

277 2440 363 2508 nilex
383 2439 423 2507 ad
446 2438 656 2506 occidendum
679 2459 753 2503 eum
775 2437 891 2503 missus
906 2446 1001 2518 esset,
1024 2440 1092 2505 uisa
1108 2439 1193 2507 eirca
1211 2462 1285 2508 enm
1300 2450 1387 2511 tanta

278 2552 457 2630 maiestate,
485 2546 538 2616 uel
561 2547 636 2639 quid
659 2548 784 2614 iuturus
805 2555 905 2628 esset,
933 2546 1044 2616 relicto
1066 2549 1172 2642 gladio
1193 2572 1315 2643 pauens
1337 2555 1388 2621 lu·

239 2665 326 2757 rugit
347 2684 385 2729 ac
406 2658 514 2728 retulit
535 2659 662 2751 cognita
684 2655 747 2739 his,
777 2682 796 2725 a
823 2658 938 2749 quihus
965 2661 1081 2727 missus
1102 2661 1214 2729 luerat
1245 2662 1292 2731 illi
1312 2686 1388 2733 eum

278 2774 390 2843 dimitti
412 2773 581 2839 iusserunt.
603 2771 657 2859 qui
680 2791 753 2835 cum
777 2768 888 2835 luisset
908 2768 1065 2851 dimissus,
1086 2772 1118 2837 in
1140 2772 1281 2843 Africam
1302 2774 1388 2857 abiit,

277 2887 309 2954 id
331 2893 380 2953 est
402 2880 639 2973 Carthaginem.
671 2879 789 2947 ibidem
810 2879 922 2946 solutis
945 2881 1114 2972 ergastulis
1136 2880 1274 2951 Romam
1300 2889 1389 2955 uenit

277 3008 310 3067 et
332 3018 442 3064 omnes
455 2991 604 3082 Syllanos
627 2990 743 3057 occidit
765 2998 798 3054 et
817 2998 966 3080 receptus
988 3012 1007 3057 a
1027 2990 1130 3060 Cinna
1157 3002 1235 3063 tunc
1256 2995 1389 3065 consule

279 3108 381 3175 tenuit
403 3104 523 3171 urbem.
554 3110 665 3194 postea
689 3097 800 3167 consul
820 3105 875 3167 v‘n.
899 3102 965 3168 luit
1000 3100 1089 3192 Sylla
1112 3104 1217 3195 posito
1238 3108 1272 3175 in
1293 3106 1387 3176 bello.

240 3228 268 3271 ²⁶
282 3220 337 3310 qui
358 3224 431 3285 ante
453 3214 625 3283 aduentum
647 3209 756 3301 Syllae
779 3212 843 3277 lato
866 3235 924 3279 suo
945 3222 1092 3281 mortuus
1113 3224 1173 3283 est.

278 3551 307 3607 5.
328 3545 456 3603 ultimum
478 3561 503 3599 o.
610 3548 766 3618 aspectare
785 3541 844 3596 PB.
858 3556 933 3597 oorr.
951 3541 982 3597 C.
996 3540 1101 3599 Barth.
1203 3546 1233 3601 7.
1253 3542 1293 3601 sd
1313 3562 1389 3621 quse

280 3624 358 3682 dicta
381 3620 411 3679 C.
426 3618 528 3676 Barth.
626 3622 654 3673 8.
676 3616 786 3691 aliquid
807 3618 862 3673 sibi
879 3616 939 3673 lata
958 3616 1069 3675 ferrent
1093 3619 1122 3677 C.
1145 3620 1247 3678 Barth.
1277 3620 1389 3699 aliquid

280 3698 371 3760 simile
393 3696 538 3753 accideret
557 3690 792 3765 Sohartzlletseh.
871 3703 998 3751 extremo
1018 3697 1077 3754 PB.
1095 3713 1169 3755 oorr.
1190 3699 1221 3756 C.
1239 3698 1341 3756 Barth.

279 3783 307 3838 9.
329 3775 424 3853 spatio
445 3772 621 3851 perdurante
642 3774 700 3828 Ps.
717 3789 790 3829 corr.
812 3772 843 3829 C.
861 3770 965 3829 Barth.
1087 3773 1262 3851 perdurata
1283 3786 1388 3835 sorte·

279 3846 511 3922 Sohnrtztlstach.
590 3849 635 3906 14.
657 3856 686 3906 et
707 3847 773 3905 inde
792 3851 828 3905 P.
908 3852 956 3907 16.
976 3849 1005 3905 in
1025 3850 1110 3926 gallis
1131 3854 1187 3909 Ps.
1205 3852 1389 3911 Μηκω-

279 3935 347 3991 ntus
366 3928 456 3986 elaott.
477 3931 521 3998 ΙΙ,
540 3928 586 3983 28.
609 3924 663 3981 dal.
690 3926 719 3984 C.
734 3925 837 3983 Barth.
926 3927 1116 3986 miruanarnm
1136 3931 1195 3987 ΡΒ.
1211 3948 1285 3989 oorr.
1302 3950 1331 4007 p.

280 4013 326 4069 18.
349 4004 478 4063 carnifex
500 4022 516 4062 e
537 4002 640 4060 Galliis
667 4002 703 4058 ad
733 4004 762 4059 C.
786 4003 888 4061 Barth.
1004 4007 1051 4062 19.
1073 4006 1153 4064 uelut
1172 4008 1241 4083 quid
1261 4008 1389 4066 futuram

280 4094 357 4147 esset
378 4078 609 4153 Sohartztletsoh.
630 4088 659 4138 er
679 4080 743 4214 guis
765 4098 788 4136 o.
809 4080 882 4138 anthi
900 4080 1008 4140 houna
1027 4100 1089 4141 esse
1108 4083 1231 4142 atdetrrr.
1290 4090 1338 4144 22.
1359 4087 1388 4143 id

280 4173 324 4222 est
345 4159 452 4217 Cartha
474 4160 549 4215 inem
570 4156 625 4215 del.
646 4160 684 4214 So
702 4154 876 4230 rrrtztletsoh.
971 4164 1020 4218 23.
1042 4162 1143 4219 oansal
1162 4163 1221 4220 Pa.
1233 4178 1345 4223 earne.

279 4240 328 4299 24.
348 4239 435 4295 ettam
455 4176 501 4294 hta
521 4233 663 4313 quaedam
682 4233 863 4294 eaotdersat.
