3025 4859
587 399 799 456 sarram.
1196 379 1246 456 63

230 561 267 632 Si
288 565 409 656 gaudet
430 575 540 648 canus,
561 565 679 634 nullius
701 565 797 636 fibula
819 565 912 636 durat

143 697 258 743 uocem
279 676 445 744 uendentis
467 677 681 768 praetoribus,
705 702 824 772 organa
846 697 973 768 semper
1183 686 1245 744 380

141 786 175 855 in
195 786 356 868 manibus,
379 788 469 856 densi
489 789 612 856 radiant
634 791 792 857 testudine
814 796 881 856 tota

140 896 368 988 sardonyches,
391 898 497 991 crispo
519 901 686 993 pulsantur
707 903 834 992 pectine
857 897 1009 980 chordae,

141 1029 206 1100 quo
229 1015 318 1075 tener
339 1007 536 1098 Hedymeles
559 1033 674 1102 operas
696 1011 796 1091 dedit,
819 1007 905 1076 hunc
927 1016 1027 1090 tenet,
1048 1005 1111 1074 hoc
1132 1027 1168 1074 se

139 1116 262 1185 solatur
283 1126 440 1211 gratoque
461 1119 606 1213 indulget
625 1119 712 1188 basia
732 1120 866 1212 plectro.

141 1229 298 1322 quaedam
320 1230 360 1296 de
380 1252 515 1298 numero
537 1228 720 1300 Lamiarum
742 1253 780 1298 ac
802 1230 938 1298 nominis
959 1227 1044 1320 Appi
1186 1238 1246 1298 385

138 1347 173 1406 et
194 1340 276 1406 larre
298 1346 331 1405 et
353 1341 428 1408 uino
449 1337 560 1408 lanum
579 1338 779 1432 ¹Vestamque
800 1338 949 1431 rogabat,

138 1473 181 1518 an
203 1447 417 1541 Capitolinam
440 1450 572 1519 deberet
592 1449 696 1518 Pollio
719 1472 875 1543 quercum

138 1582 266 1653 sperare
289 1568 323 1626 et
342 1558 456 1628 fidibus
479 1562 674 1653 promittere.
708 1561 784 1652 quid
805 1561 925 1627 faceret
946 1556 1017 1650 plus

138 1678 324 1766 aegrotante
345 1670 431 1749 ubo,
464 1672 597 1739 medicis
618 1671 694 1763 quid
716 1668 856 1736 tristibus
879 1691 956 1761 erga

139 1778 294 1849 filiolum?
321 1782 409 1848 stetit
430 1790 504 1848 ante
525 1804 631 1862 mam,
652 1804 713 1848 nec
734 1789 827 1873 turpe
849 1781 974 1872 putauit
1185 1791 1247 1852 390

138 1914 198 1982 pro
220 1889 341 1959 cithara
361 1891 471 1960 uelare
493 1901 604 1983 caput,
628 1892 809 1981 dictataque
831 1888 931 1959 uerba

138 2001 281 2095 pertulit,
302 2011 339 2069 ut
360 2025 431 2070 mos
453 2011 517 2082 est,
542 2010 575 2068 et
597 2009 708 2093 aperta
730 1999 844 2092 palluit
866 2024 958 2093 agna.

139 2113 190 2181 dic
211 2111 289 2180 mibi
308 2135 407 2193 nunc,
430 2134 565 2203 quaeso,
588 2112 653 2192 dic,
675 2112 892 2203 antiquissime
914 2111 1036 2196 diuum,
1133 2185 1136 2202 ,

138 2222 313 2317 respondes
335 2221 400 2302 bis,
421 2219 494 2290 lane
516 2219 629 2313 pater?
657 2244 774 2314 magna
793 2225 858 2291 otia
880 2222 974 2306 caeli;

136 2340 287 2415 nonest,
309 2335 396 2426 quod
415 2331 526 2414 uideo,
547 2354 612 2400 non
635 2339 684 2398 est
706 2331 792 2424 quod
814 2341 927 2425 agatur
949 2335 1033 2427 apud
1056 2359 1124 2404 uos.
1184 2347 1244 2408 395

137 2445 218 2514 baec
241 2443 282 2510 de
303 2443 467 2511 comoedis
490 2451 522 2510 te
544 2441 696 2523 consulit,
718 2441 772 2509 illa
795 2445 985 2537 tragoedum

138 2553 364 2624 commendare
385 2552 488 2634 uolet,
511 2554 676 2620 uaricosus
697 2552 753 2620 liet
774 2577 922 2647 aruspex.

220 2662 289 2732 Sed
310 2669 418 2730 cantet
438 2664 558 2754 potius,
581 2686 678 2757 quam
701 2671 803 2732 totam
824 2664 971 2756 peruolet
991 2665 1105 2738 urbem

138 2775 244 2842 audax
265 2781 298 2840 et
319 2783 431 2843 coetus
452 2775 658 2865 possitquae
680 2776 764 2842 ferre
786 2776 927 2844 uirorum

139 2906 275 2978 cumque
296 2883 453 2978 paludatis
476 2881 610 2951 ducibus
632 2893 801 2975 praesente
822 2889 936 2955 marito
1182 2899 1245 2958 too

139 2995 205 3086 ipsa
225 2993 316 3088 loqui
336 3001 425 3068 recta
445 2994 706 3087 faciesiccisque
727 2995 884 3064 mamillis.

139 3103 218 3174 baec
240 3105 354 3173 eadem
373 3106 465 3174 norrit
486 3103 561 3198 quid
584 3111 652 3172 toto
674 3104 729 3174 liat
748 3107 782 3176 in
804 3105 896 3189 orbe,

139 3309 204 3366 382.
226 3303 422 3382 sardonyches
444 3307 481 3362 8.·
506 3303 684 3380 sardonyces
704 3308 739 3363 P.
857 3307 1009 3384 pulsantur
1028 3309 1189 3370 Markland
1207 3308 1246 3368 nd

139 3385 215 3440 arar.
227 3381 297 3440 sila.
308 3386 368 3450 111,
378 3384 406 3449 5,
418 3383 471 3437 ot:
496 3382 624 3458 pulsanti
644 3385 676 3450 S,
697 3390 885 3440 numerantur
903 3389 964 3446 Ρω.
1062 3391 1129 3448 383.
1150 3387 1246 3462 hedy-

138 3459 228 3518 meles
240 3461 302 3517 Ps:
322 3457 473 3517 bidimeles
493 3458 541 3515 usi
558 3457 728 3533 bydymeies
749 3477 784 3515 ω.
863 3478 968 3538 operas
982 3469 1050 3522 Por.-
1069 3483 1188 3542 operam
1206 3480 1234 3532 ς.

139 3539 204 3595 385.
226 3537 303 3614 Appi
322 3535 511 3608 [Pitboeasr
536 3534 589 3591 ani
609 3539 645 3604 P,
669 3533 847 3594 εΝΟΜΙΝ18
866 3539 923 3598 ΑΡ.
943 3542 1068 3621 Appiam
1088 3534 1243 3619 significat'

137 3612 244 3684 robob,
270 3613 320 3670 alti
338 3631 400 3690 pm,
424 3611 480 3669 Aili
499 3613 540 3669 N.
554 3613 696 3671 Heinsius
711 3611 750 3669 nd
769 3613 856 3671 Ouid.
873 3614 947 3685 fast.
957 3623 1035 3687 1111,
1046 3623 1113 3678 305.

138 3693 204 3748 386.
227 3699 257 3748 et
272 3689 399 3752 sarrePa
420 3707 483 3746 eum
499 3688 578 3747 farre
593 3707 629 3746 ω.
708 3693 776 3748 388.
795 3688 900 3750 lidibus
916 3697 1084 3772 promittere
1097 3698 1244 3756 renatos.

137 3768 519 3844 xv111,25‚247p.1192.
602 3769 669 3825 390.
668 3767 804 3900 ‘putabit
823 3766 872 3839 Pf.
953 3777 1019 3832 391.
1042 3773 1150 3831 chitara
1170 3777 1204 3832 P.

139 3845 204 3901 392.
214 3841 536 3976 protulitnqltortmna
547 3840 661 3900 odt'oo.
697 3846 772 3900 aad
779 3861 809 3920 p.
818 3849 865 3902 95.
931 3853 998 3910 395.
1016 3851 1093 3927 quod
1109 3851 1245 3908 uideoPr

139 3929 169 3976 ut
183 3919 211 3976 ui
235 3938 270 3977 eo
289 3939 324 3978 ω.
407 3923 475 3980 396.
496 3918 623 3976 comedis
634 3923 670 3978 P.
741 3924 808 3978 399.
829 3934 930 3999 posset
946 3924 1006 4002 [μς.
1093 3931 1243 4004 quaePnr:

139 4012 224 4070 qnam
242 4011 271 4063 ς.
397 4001 465 4056 401.
491 3996 633 4072 siccisque
654 3995 820 4072 PSudfqbw
840 4001 969 4061 Probus:
1000 4004 1163 4081 strictisque
1183 4002 1243 4072 bor.

134 4064 301 4149 ‘pectoralis
321 4082 384 4132 erat
403 4073 511 4140 fascia,
538 4090 595 4148 qua
614 4072 775 4150 puellarum
797 4093 937 4138 mammae
957 4082 1183 4156 stringebantur,
1206 4099 1243 4140 ne

139 4149 254 4208 nimium
269 4150 429 4210 crescendo
444 4150 693 4209 exuberescerent.
715 4149 783 4208 ideo
800 4150 870 4212 dicit
884 4157 968 4215 siccis
985 4151 1130 4215 mamillis²
1151 4157 1241 4218 soboi.

140 4226 202 4286 iso
217 4224 251 4301 d,
267 4228 413 4307 rectisque
431 4226 482 4288 eor
500 4226 665 4305 exertisque
688 4227 719 4288 0.
736 4225 881 4293 Valesius.
963 4237 1031 4294 402.
1053 4235 1114 4312 quit
1133 4234 1183 4310 ΡΙ.
