3025 4859
568 408 715 466 servus
731 408 789 462 vn.
1181 379 1232 454 79

130 577 325 658 marmoreis,
349 584 382 642 at
402 575 541 645 Serrano
565 581 716 670 temrique
737 577 845 646 Saleio
917 585 920 590 ’
1190 577 1232 636 80

128 686 227 779 gloria
249 686 443 779 quantalibet
461 688 542 779 quid
564 691 636 771 erit,
659 691 686 756 si
708 688 808 782 gloria
830 694 954 756 tantum
976 679 1047 752 est?

127 799 262 866 curritur
284 798 325 866 ad
347 820 463 867 uocem
483 800 655 868 iucundam
678 808 711 867 et
732 821 860 866 cannen
882 798 1004 865 amicae

127 905 322 990 Thebaidos,
343 908 461 977 laetam
483 933 557 978 cum
579 912 655 978 lecit
676 909 797 977 Statius
819 907 932 977 urbem

124 1019 333 1110 promisitque
356 1020 454 1088 diem:
477 1028 564 1088 tanta
586 1019 755 1088 dulcedine
778 1028 889 1110 captos

125 1125 236 1194 adflar-
248 1127 303 1196 ille
324 1131 447 1198 animm
468 1138 618 1221 tantaque
639 1129 767 1197 libidine
790 1127 877 1222 uolgi

124 1236 266 1322 auditur;
288 1240 346 1307 sed
368 1262 442 1308 cum
463 1240 560 1332 lregit
580 1238 730 1306 subsellia
752 1261 864 1319 uersu,

125 1351 238 1430 esurit,
259 1351 410 1418 intactam
431 1350 536 1418 Paridi
557 1352 617 1418 nisi
639 1349 747 1417 uendit
768 1350 911 1441 Agauen.

123 1457 175 1525 ille
199 1467 233 1526 et
253 1458 383 1528 militiae
404 1460 512 1528 multis
533 1459 666 1552 largitus
686 1460 842 1528 honorem

18 1586 20 1603 ¹
124 1573 294 1638 semenstri
313 1579 425 1639 uatum
448 1572 563 1664 digitos
586 1570 786 1663 circumligat
806 1593 893 1639 auro.

125 1682 214 1772 quod
235 1704 300 1750 nou
322 1682 398 1750 dant
419 1704 584 1773 proceres,
608 1680 694 1749 dabit
714 1679 834 1749 histrio.
867 1689 902 1747 tu
925 1677 1113 1748 Camerinos
1191 1690 1232 1747 οο

123 1802 154 1860 et
174 1792 332 1874 Baream,
354 1801 389 1860 tu
410 1791 563 1860 nobilium
583 1815 699 1884 magna
722 1794 802 1859 atria
823 1788 939 1860 curas?

122 1905 306 1995 praefectos
327 1899 467 1994 Pelopea
488 1903 576 1982 lacit,
599 1899 774 1969 Philomela
796 1901 948 1970 tribunos.

122 2012 199 2081 haut
221 2022 330 2080 tamen
352 2013 494 2081 inuideas
516 2013 595 2093 uati,
617 2035 714 2104 quem
734 2011 856 2104 pulpita
879 2021 1022 2103 pascunt.

122 2124 193 2216 quis
216 2121 274 2190 tibi
296 2121 479 2204 Maecenas,
502 2124 572 2214 quis
593 2109 762 2195 annuerit
784 2133 839 2190 aut
860 2120 1045 2190 Proculeius

121 2243 176 2302 aut
196 2232 330 2314 Fabius,
354 2234 424 2324 quis
447 2232 544 2302 Cotta
567 2235 699 2315 iterum,
722 2235 794 2326 quis
815 2233 972 2302 Lentulus
995 2230 1097 2302 alter?
1190 2242 1230 2300 05

120 2354 196 2414 tunc
218 2367 279 2437 par
298 2345 425 2435 ingenio
448 2345 598 2435 pretium,
620 2355 696 2413 tunc
717 2344 796 2412 utile
817 2343 924 2412 multis

120 2454 242 2546 pallere
264 2461 297 2520 et
317 2454 427 2520 uinum
450 2463 518 2522 toto
540 2457 664 2524 nescire
684 2454 867 2523 Decembri.

204 2560 324 2631 Vester
345 2587 441 2656 porro
462 2565 553 2634 labor
575 2566 752 2645 fecundior,
774 2564 976 2632 historiarum

119 2671 316 2768 scriptores?
341 2677 422 2768 petit
442 2675 494 2746 hic
514 2676 588 2769 plus
611 2675 763 2768 temporis
785 2674 891 2766 adque
913 2674 975 2743 olei
995 2675 1076 2767 plus.

117 2933 164 2988 80.
184 2947 365 2988 marmoreus
381 2943 400 2995 ς
417 2932 583 2989 Graeculus
596 2926 672 2989 obss.
685 2933 744 2998 111,
753 2931 800 2986 13.
824 2931 1007 2987 Beteraaaaus
1020 2927 1058 2988 ad
1070 2929 1148 2989 auth.
1158 2935 1230 2990 Lat.

118 3009 255 3064 11.66.
324 3016 354 3063 at
373 3008 452 3082 PSp:
472 3016 502 3065 et
517 3026 551 3065 ω.
622 3025 741 3064 serrano
753 3008 817 3063 PS:
838 3005 965 3063 Sarrano
981 3025 1015 3066 ao.
1089 3009 1230 3085 saleiosp

121 3025 226 3141 Valle:
255 3082 350 3141 Saluo
371 3086 405 3153 P,
431 3084 515 3142 saltio
535 3083 563 3155 f,
589 3084 682 3140 salino
701 3102 720 3160 p
742 3084 903 3158 (suprascr.
924 3081 1028 3157 saleio)
1050 3081 1113 3144 ωΣ.

118 3163 155 3217 82
168 3178 211 3236 sq.
235 3161 360 3217 curritur
377 3195 415 3204 -
435 3160 605 3218 Thebaidos
625 3163 770 3218 Prisaim
782 3162 882 3227 XVII,
893 3165 939 3230 15,
951 3167 988 3220 00
1002 3180 1032 3238 p.
1044 3166 1129 3220 1077.

117 3236 276 3295 iocundam
295 3235 338 3309 ίς.
400 3241 447 3296 83.
465 3257 528 3294 cum
541 3237 612 3296 lecit
626 3240 693 3294 Par:
711 3236 782 3294 lecit
798 3255 860 3293 cum
877 3235 934 3304 adg
945 3241 1052 3296 Saulea
1066 3239 1104 3297 od
1114 3245 1229 3300 Terent.

117 3316 339 3391 Maur.p.262.
406 3315 537 3391 uolgiP:
557 3314 704 3390 uulgipar.
768 3317 816 3372 87.
838 3313 943 3380 ηἰαᾶς.
1012 3316 1231 3394 uendithfpb:

118 3391 228 3449 uendat
250 3409 285 3449 aa.
369 3395 418 3452 88.
437 3392 555 3450 moestis
576 3390 720 3450 Heinrich.
804 3390 924 3467 largitus
943 3409 962 3466 p
982 3391 1133 3452 Bubasius
1149 3395 1183 3452 de
1199 3413 1231 3454 re

115 3470 264 3527 satiaris
274 3474 301 3540 1,
312 3472 348 3528 15
362 3488 393 3544 p.
403 3469 450 3528 04.
476 3467 644 3527 Salmasius
658 3485 749 3528 esua.
763 3467 839 3526 Plio.
853 3487 880 3543 p.
894 3473 962 3527 450.
988 3469 1145 3528 Schrader:
1170 3474 1229 3530 lar

115 3545 192 3619 gitur
211 3549 277 3604 Pro.
355 3545 493 3604 honorem
514 3554 544 3602 et
562 3543 666 3604 Iaeobs
683 3545 841 3623 (Matthiae
855 3548 936 3603 mue.
948 3544 1017 3621 phil.
1031 3551 1050 3604 1
1057 3565 1086 3624 p.
1099 3547 1162 3622 81).

115 3621 163 3682 80.
185 3623 323 3680 semestri
338 3632 435 3680 uatum
456 3621 561 3697 digitos
581 3641 622 3688 ω,
643 3624 794 3680 semenstri
812 3631 908 3678 uatum
921 3622 1026 3699 digitos
1046 3628 1107 3700 pia
1122 3644 1230 3703 usurpa

119 3701 274 3758 semenstri
294 3700 369 3776 gitos
390 3707 486 3756 uahrm
507 3702 541 3772 P,
568 3697 738 3756 SEMENS.
756 3697 793 3755 V.
815 3700 851 3766 S,
873 3699 1025 3757 semenstri
1046 3701 1151 3778 digitos
1174 3723 1228 3762 ua-

118 3783 177 3832 tum
192 3795 224 3850 p.
247 3777 395 3835 semestris
412 3774 577 3834 Salmasius
588 3793 693 3835 seara.
707 3775 788 3833 Plio.
800 3794 828 3851 p.
837 3775 903 3835 450.
930 3779 1053 3835 Messoa
1071 3783 1139 3838 reita
1152 3781 1228 3840 Ptin.

117 3869 146 3927 p.
158 3855 286 3913 xxxn
294 3851 338 3910 etl.
351 3855 452 3911 Arata.
468 3852 627 3922 Heinrich,
646 3861 813 3912 semestrem
824 3852 971 3911 Rubenius
984 3853 1018 3911 de
1028 3873 1059 3913 re
1068 3865 1141 3916 uest.
1155 3863 1180 3927 1,
1192 3862 1228 3917 15

116 3946 146 4060 p·
158 3931 208 3989 04.
276 3935 324 3990 01.
346 3933 461 3989 barcam
470 3928 547 4000 Pus:
569 3934 657 3988 harea
668 3949 697 4006 p,
717 3929 828 3987 Bareas
845 3947 879 3988 ta.
944 3934 991 3989 02.
1012 3931 1179 4010 philomella
1193 3938 1229 4006 P,

141 4005 290 4066 hilomena
310 4023 338 4074 ς.
436 4009 483 4066 03.
505 4006 576 4063 haut
595 4011 649 4064 Pa.
748 4007 858 4064 inuidia
879 4027 956 4066 suan
975 4011 1009 4066 P.
1038 4011 1097 4067 uati
1115 4029 1144 4086 p.

117 4083 165 4140 04.
185 4101 323 4142 mecenas
342 4087 386 4142 Ρ.
474 4088 522 4142 06.
542 4102 619 4140 nunc
639 4084 708 4142 utile
729 4087 768 4141 11.
787 4083 931 4143 Valesius.
1028 4089 1067 4144 97
1085 4090 1227 4146 Prtsetm

116 4161 255 4297 'effi
260 4164 294 4220 81
306 4180 336 4237 p.
343 4165 411 4221 762.
475 4165 523 4220 00.
542 4167 612 4237 post
622 4162 779 4239 scriptores
793 4161 992 4221 iuterroeudi
1004 4163 1120 4238 siparum
1128 4167 1226 4241 posuit
