3025 4859
591 360 790 417 stamar.
1175 334 1251 413 235

229 531 301 601 110.
332 550 463 598 ananim
483 552 622 608 umora.
649 525 797 623 Largitas
825 534 858 597 et
883 518 1053 594 liberalitas
1081 518 1253 613 antiquitus

139 664 202 740 pro
223 662 343 733 magno
363 638 547 709 habebatur.

229 754 299 819 112.
325 751 527 841 [currarent
550 752 618 818 sine
639 751 750 818 iniuria
773 747 932 815 clientum.

230 861 302 928 113.
323 884 452 931 aurern
474 884 592 931 aurcis.
613 860 725 941 idest,
746 879 871 925 auarus.

230 972 302 1040 115.
329 995 455 1039 nuruis
478 996 521 1039 aa
542 995 648 1039 enarr.
671 977 762 1062 pastu
784 966 837 1035 uel
858 988 989 1057 apruna.
1069 962 1252 1031 bleranam.
1278 986 1290 1027 a

141 1081 217 1149 ideo
238 1080 391 1173 Meleagri
413 1090 542 1173 propter
564 1079 766 1149 Calidoniam
789 1101 911 1170 aprum,
932 1098 1029 1167 quem
1046 1074 1124 1141 irata
1140 1073 1254 1155 Diana,

140 1200 313 1287 propterea
340 1193 414 1283 quia
436 1198 597 1257 contemta
623 1197 710 1256 esset
734 1187 774 1255 ab
797 1186 908 1255 Oeneo
936 1187 968 1253 in
994 1185 1173 1267 sacrificiis,
1202 1189 1254 1269 (et

141 1307 275 1394 aprum)
311 1302 394 1393 agris
426 1302 493 1368 suis
528 1300 704 1381 inmiserat,
736 1322 834 1392 quem
859 1296 1041 1391 ltleleagrus
1067 1296 1149 1363 lilius
1175 1316 1252 1361 suus

141 1412 268 1483 occidit.

230 1522 302 1589 117.
336 1544 464 1589 savum
486 1544 537 1591 ne.
557 1544 589 1591 r.
610 1542 644 1591 ιι.
675 1518 751 1615 quia
783 1515 895 1587 tubera
930 1517 1075 1586 tonitruis
1107 1518 1294 1585 dicunturru

140 1632 242 1714 nasei,
263 1640 300 1699 ut
321 1630 460 1700 cocleae.

232 1744 304 1812 118.
325 1765 413 1809 aruc
438 1764 513 1809 arra
535 1766 578 1810 aa
600 1760 740 1811 recreor
761 1761 889 1809 ornam
902 1763 933 1809 r.
957 1737 1161 1829 {maenus}
1183 1736 1253 1830 qui·

144 1854 220 1924 (lam
242 1853 376 1946 gulosae
396 1852 505 1941 iuquit.

232 1966 303 2032 121.
326 1982 575 2032 curnonouvuun
597 1983 881 2031 nocturniacum
903 1960 1083 2029 dueentem.
1175 1981 1254 2025 cvr.-

145 2096 254 2143 annno
274 2094 392 2140 noune.
414 2072 446 2139 id
468 2081 516 2139 est
538 2074 668 2141 artificio
690 2074 882 2141 incidentem
904 2074 1019 2139 omnia.
1266 2086 1292 2129 ιι

234 2183 305 2250 123.
327 2206 512 2251 orscruurue
534 2206 670 2251 uerear.
694 2185 860 2251 diuersitas
882 2182 1053 2251 ministerii.

234 2294 305 2361 124.
328 2315 391 2370 ovo
413 2316 550 2360 onnerun
572 2317 730 2361 secerva.
752 2294 785 2361 id
806 2300 864 2374 est,
887 2293 978 2361 aliter
999 2301 1095 2361 secat.

235 2404 306 2471 127.
334 2426 472 2473 flascone
494 2428 652 2481 rnuornu
673 2429 797 2473 necans
819 2428 896 2473 arun
918 2427 1049 2473 uourun.
1082 2422 1257 2481 ovanovnu

145 2534 271 2581 naseas
293 2536 368 2580 arun
391 2536 522 2581 uourun.
554 2515 606 2581 alii
634 2517 679 2583 sic
699 2514 901 2606 intellegunt,
932 2516 1073 2582 dicentes
1096 2523 1258 2603 tamquam

145 2622 200 2689 fur
222 2625 274 2689 sis.
295 2624 328 2690 id
349 2632 398 2690 est
417 2645 477 2715 pro
500 2625 600 2693 tribus
622 2626 733 2693 litteris
753 2628 812 2699 iria
834 2626 960 2693 nomina
983 2626 1098 2715 posuit.
1120 2623 1176 2690 sed
1189 2635 1295 2689 ιιι-20

144 2730 209 2801 lius
231 2732 277 2803 sic
297 2736 460 2827 accipitur.
492 2732 556 2803 hoc
583 2742 633 2802 est
660 2743 821 2826 tamquam
849 2734 964 2803 nobilis
991 2736 1051 2817 sie,
1079 2743 1115 2799 ut
1138 2730 1258 2799 habeas

145 2968 240 3009 uenae
258 2948 428 3028 obrumpere
454 2958 483 3010 et
507 2951 628 3013 durante
654 2962 752 3015 tractu
776 2954 1000 3032 lentitudineque
1023 2956 1125 3011 mortio
1150 2950 1254 3010 borreto

146 3046 254 3085 ueneno
275 3035 303 3084 et
328 3036 470 3106 postrema
496 3029 605 3088 calidae
631 3052 724 3108 oquae
751 3042 886 3108 stuprum
910 3036 1050 3091 introiens
1076 3032 1256 3087 onerabuntur

147 3098 211 3161 eet?
236 3108 270 3161 ι’.
387 3124 421 3162 eo
447 3124 520 3182 qaeu
543 3108 608 3164 iuria
633 3128 652 3166 a
677 3128 725 3167 aru.
753 3104 829 3168 ‘linio
849 3102 998 3186 poetrerua'
1020 3114 1179 3183 aequantur
1199 3122 1260 3162 noo

146 3188 245 3258 pateat
263 3181 376 3239 dubium
395 3200 455 3240 aare
474 3187 539 3258 quta
558 3185 715 3243 eorundum
743 3191 838 3246 l'ueitr
863 3190 1057 3245 narrationem
1083 3192 1171 3253 (urin.
1191 3186 1259 3250 XV,

149 3263 185 3315 61
204 3261 280 3335 sqq.)
299 3263 410 3334 scripto
428 3263 497 3315 aiut.
518 3258 582 3332 riori
601 3265 688 3337 ipitur
707 3271 819 3340 proteat,
846 3272 878 3319 ιιι
899 3263 966 3320 ltuea
991 3260 1077 3319 Vultu
1098 3264 1156 3335 ipae
1176 3258 1257 3315 aaa·

150 3339 231 3393 ecrit.
346 3328 426 3393 ‘Pico
450 3336 652 3412 calphurnius,
673 3348 706 3397 ut
726 3342 839 3397 Probum
859 3343 969 3415 inaruit,
995 3340 1113 3412 antiquo
1134 3334 1257 3407 fueritin,

146 3414 279 3471 aaronica
298 3410 395 3471 babitu
415 3414 582 3486 trupoedioe
601 3420 745 3485 actitarat,
763 3421 792 3473 in
814 3415 1076 3475 latrunculutarnm
1096 3417 1176 3469 iussu
1199 3410 1258 3487 [ta-

148 3490 346 3547 trunculorum
368 3490 431 3547 lueu
453 3489 491 3564 p]
513 3498 571 3548 tom
591 3491 735 3567 perfectus
759 3500 785 3550 et
809 3490 933 3549 callidae
958 3498 991 3549 ιιι
1016 3491 1053 3547 uel
1077 3506 1141 3547 auur
1167 3488 1258 3545 luten-

147 3574 208 3625 rem
234 3566 394 3640 [ludentem
415 3566 453 3639 n]
484 3578 708 3628 concurreretur.
741 3570 774 3627 ob
794 3568 862 3627 baec
882 3572 1055 3625 iaetu-uatus
1082 3569 1118 3624 G.
1144 3566 1260 3624 Cursori

147 3649 267 3720 repente
285 3645 371 3701 etiarn
396 3643 539 3718 retequtuo
562 3653 619 3714 eet,
645 3651 712 3721 quio
737 3646 967 3704 coneuetrutiaem
992 3646 1134 3722 pristinae
1159 3646 1259 3701 cruoris

148 3720 294 3779 abductae
313 3718 368 3776 eibi
387 3719 423 3776 ub
443 3723 506 3795 tpeo
527 3720 624 3778 deiurio
643 3728 778 3781 renateeue
797 3726 916 3798 repetitu
940 3740 1001 3779 aeae
1029 3720 1194 3797 [repetiisse
1214 3716 1257 3796 p]

148 3795 378 3856 abtimubutur.
398 3814 466 3854 mou
484 3796 536 3853 aab
559 3799 682 3857 Claudio
702 3807 856 3857 restitutae
876 3807 903 3855 et
922 3797 1183 3874 postconsulatum
1196 3816 1260 3853 nru-

149 3882 238 3933 taruo
255 3873 430 3931 beneditcio
450 3872 559 3931 (litatus
583 3876 861 3951 uropnqiceutiesiure
885 3880 962 3933 uiuit
987 3877 1099 3933 auritio
1125 3874 1259 3943 [meritos

149 3947 392 4025 Saburtztleiech
413 3949 562 4010 subterrare
580 3958 678 4029 inopes
697 3972 733 4012 ea
754 3962 870 4030 retroque
889 3952 987 4011 ordina
999 3952 1116 4017 solitae,
1137 3948 1170 4005 ele
1184 3947 1260 4022 plebe

149 4046 223 4085 uero
244 4035 338 4084 certae
362 4035 501 4103 quotquot
526 4034 610 4087 unuin
641 4030 810 4106 [quotannis
830 4030 878 4109 p]
904 4030 942 4087 art
967 4036 1123 4105 uqrrestrern
1148 4044 1260 4083 neaeram

149 4104 373 4183 dipuitotenrque
391 4101 564 4181 prorrelurrr.²
590 4111 623 4164 V.
701 4112 729 4166 7.
750 4114 848 4165 Aeaeo
867 4110 925 4164 PS.
940 4126 1015 4165 corr.
1026 4125 1054 4183 p.
1132 4106 1162 4161 8.
1183 4104 1260 4181 agris

149 4184 244 4261 ipsius
264 4200 290 4241 r.
368 4187 415 4240 11.
435 4184 549 4241 cocleas
568 4186 628 4243 Pu.
648 4202 723 4243 corr.
742 4205 772 4263 p.
852 4188 898 4242 15.
919 4185 1076 4241 imitantem
1097 4197 1125 4239 o.
