3025 4859
572 357 717 411 SATVRA
735 357 820 410 Xllll.

139 547 202 592 nan
225 528 327 617 potuit
347 547 476 592 seruare
497 549 581 594 suas.
615 550 692 620 erga
714 527 820 594 omnia
843 525 957 594 Florae

141 646 173 703 et
193 634 320 704 Cereris
340 634 417 704 licet
437 645 470 704 et
490 635 631 726 Cybeles
653 637 765 705 aulaea
787 638 961 732 relinquas3

140 755 226 814 tanto
249 749 385 815 maiores
406 747 544 816 humana
564 751 693 840 negotia
714 747 791 816 ludi.

141 881 181 925 an
203 860 304 952 magis
327 858 488 926 oblectant
508 859 648 924 animum
668 860 784 926 iactata
806 868 939 951 petauro
1184 865 1246 926 285

141 992 273 1062 corpora
296 971 413 1064 quique
433 967 515 1036 salet
535 977 660 1036 rectum
682 970 876 1039 descendere
899 971 1016 1052 funem,

140 1103 235 1171 quam
258 1090 302 1162 tu,
325 1081 462 1172 Corycia
484 1102 610 1170 semper
631 1081 686 1170 qui
706 1105 814 1174 puppe
836 1083 970 1149 moraris

140 1200 234 1282 atque
256 1191 387 1272 habitas,
411 1212 487 1258 coro
509 1211 637 1280 semper
658 1190 817 1260 tollendus
840 1202 871 1260 et
893 1201 1010 1274 austro,

140 1302 281 1393 perditus
304 1327 341 1371 ac
363 1303 435 1371 uilis
458 1305 543 1372 sacci
564 1312 724 1370 mereator
745 1302 868 1384 olentis,

141 1415 192 1504 qui
213 1414 336 1506 gaudes
357 1416 474 1506 pingue
496 1415 643 1505 antiquae
665 1413 705 1480 de
727 1412 819 1480 litare
842 1413 960 1481 Cretae
1186 1421 1250 1478 270

139 1548 268 1616 passum
290 1533 323 1591 et
344 1527 520 1617 municipes
541 1524 625 1592 lauis
647 1523 816 1590 aduexisse
838 1520 992 1616 lagonas?

139 1634 190 1702 irie
210 1644 320 1702 tamen
341 1635 468 1727 ancipiti
491 1634 590 1727 ligens
613 1635 747 1726 uestigia
769 1634 875 1726 planta

140 1747 261 1814 uictum
282 1745 336 1812 illa
358 1747 508 1814 mercede
529 1755 620 1838 parat
640 1746 851 1836 brumamque
873 1748 1054 1836 famemque

139 1855 192 1923 illa
214 1864 300 1924 reste
323 1865 432 1940 cauet;
458 1867 493 1925 tu
515 1865 646 1949 propter
668 1856 754 1923 mille
776 1855 893 1924 talenta

141 1975 173 2035 et
193 1976 324 2035 eentum
346 1966 437 2034 uillas
462 1969 656 2034 temerarius.
689 1968 798 2059 aspice
820 1977 930 2059 portus
1186 1976 1248 2035 275

140 2087 172 2144 et
192 2077 325 2170 plenum
346 2078 471 2170 magnis
491 2077 633 2146 trabibus
653 2103 751 2160 mare,
772 2077 844 2170 plus
866 2077 1030 2146 hominurn
1053 2086 1102 2145 est
1123 2078 1186 2144 iam

139 2191 171 2255 in
192 2187 318 2280 pelage,
340 2190 448 2256 ueniet
468 2187 579 2256 elassis
601 2212 805 2281 quocumque
827 2191 948 2258 uacauit

141 2321 213 2391 spes
235 2299 325 2379 lucri,
347 2321 409 2365 nec
431 2297 639 2390 Carpathium
663 2298 862 2391 Gaetulaque
885 2308 1008 2366 tuntum

140 2433 280 2501 aequora
302 2407 464 2491 transiliet,
486 2410 544 2477 sed
566 2409 662 2503 longe
685 2409 788 2501 Calpe
808 2409 918 2477 relicta

142 2519 247 2610 audiet
269 2517 430 2587 Herculeo
454 2520 638 2587 stridentem
660 2522 786 2613 gurgite
808 2519 918 2587 salem.
1187 2535 1251 2591 280

141 2631 259 2722 grande
282 2653 399 2722 operae
421 2632 559 2722 pretium
581 2640 638 2711 est,
659 2641 697 2698 ut
717 2641 808 2698 tenso
831 2629 907 2698 falle
929 2631 1046 2697 reuerti

140 2741 211 2810 inde
233 2743 367 2811 domum
388 2743 491 2834 possis
514 2743 698 2834 tumidaque
720 2739 877 2834 superbus
899 2739 985 2808 aluta

143 2850 262 2920 Oceani
284 2863 426 2920 monstra
449 2862 481 2920 et
501 2855 635 2921 iuuenes
656 2853 774 2920 uidisse
796 2853 944 2919 marinos.

143 2983 204 3028 nan
226 2986 310 3030 unus
331 2973 455 3031 mentes
477 2966 575 3057 agitat
596 2965 693 3031 furor.
727 2962 781 3031 ille
804 2945 987 3031 sororis*

141 3072 340 3142 inmanibus
362 3074 454 3142 uultu
475 3073 690 3143 Eumenidum
712 3082 847 3141 terretur
870 3081 902 3139 et
923 3073 997 3164 igni,
1188 3079 1250 3140 285

142 3179 192 3250 hic
213 3182 299 3251 boue
319 3209 474 3277 percusso
496 3186 620 3276 mugire
642 3185 882 3276 Agamemnona
905 3183 1006 3251 credit

143 3301 197 3361 aut
216 3291 371 3363 lthaeum.
404 3305 515 3388 parcat
536 3297 651 3363 tunicis
671 3293 748 3362 lieet
769 3303 865 3386 atque
885 3293 1030 3374 lacernis,

143 3406 295 3473 curatoris
318 3417 393 3499 eget
414 3408 466 3499 qui
488 3429 605 3473 nauem
626 3405 786 3472 mercibus
807 3403 919 3496 implet

144 3514 182 3582 ad
203 3538 364 3584 summum
386 3515 469 3584 latus
492 3525 525 3584 et
546 3515 655 3584 tabula
677 3516 878 3609 distinguitur
898 3514 993 3595 unda,

146 3741 206 3801 288.
227 3742 313 3801 aulea
331 3745 368 3801 Ρ.
488 3745 557 3801 267.
578 3744 607 3800 in
629 3743 754 3818 Corycia
773 3739 850 3817 lupe.
967 3743 1034 3801 288.
1056 3742 1143 3800 charo
1163 3740 1251 3818 Pafq.

145 3817 209 3876 269.
228 3819 361 3896 perditus
382 3837 417 3876 nc
436 3819 501 3876 uilis
523 3823 582 3887 Ρςε
601 3819 733 3897 perditus
755 3838 773 3876 a
793 3819 898 3876 Siculis
919 3835 955 3888 ω,
975 3819 1107 3896 perditus
1128 3839 1146 3876 a
1167 3821 1252 3878 Cilici

147 3893 283 3954 &anun
393 3899 459 3955 270.
481 3897 587 3973 pingue
607 3901 674 3954 Pru:
693 3896 794 3975 pingui
812 3911 860 3971 93.
963 3899 1028 3954 271.
1049 3897 1252 3974 municipes-

146 3967 263 4046 lagenas
281 3975 428 4031 mutan.
446 3977 480 4041 V,
490 3977 517 4040 7,
527 3974 565 4030 40
576 3991 605 4048 p.
613 3978 679 4032 657.
836 3973 955 4048 lagunas
974 3975 1015 4030 P.-
1035 3973 1172 4049 lagoenas
1192 3971 1252 4050 μή).

147 4049 270 4125 aruaqq.
289 4050 484 4108 uec—solem
504 4051 653 4109 moiun.
665 4053 914 4128 V11,2,8p.732.
1032 4049 1197 4126 Getulaque
1217 4053 1251 4107 P.

147 4125 212 4182 281.
231 4145 320 4205 apere
333 4128 475 4205 praetium
489 4131 524 4185 P.
603 4131 671 4186 287.
691 4127 807 4187 lacertis
827 4145 892 4204 αρς.
973 4131 1041 4186 288.
1062 4143 1165 4186 nauem
1186 4129 1252 4184 Pru:

147 4203 241 4260 aauim
255 4221 323 4282 αρς.
399 4207 469 4266 289.
489 4203 569 4263 unda
587 4207 665 4280 Pus't
684 4203 743 4263 uda
762 4221 799 4265 ω.
