3025 4859
576 392 787 447 strrnsxr.
1154 366 1233 451 337

206 557 258 625 34.
288 582 332 625 sr
353 558 473 627 Msrno
495 581 631 631 evocas.
659 561 868 643 iactantieuli,
891 562 946 652 qui
968 568 1090 627 tantum
1111 558 1232 626 buccas

122 666 233 735 iullant
256 676 288 735 et
310 668 386 736 nihil
408 671 524 741 dicunt.

206 778 259 845 35.
294 803 458 849 noscerem
480 806 541 850 sss
564 808 597 853 ιι.
622 808 647 851 ι.
681 783 712 851 id
736 790 801 865 est,
822 780 1052 851 consideranda
1073 782 1106 849 in
1129 784 1231 849 omni·

120 886 181 955 bus
211 888 307 957 rebus
335 898 384 957 est
413 914 561 960 mensura
589 894 839 985 uniuscuiusque
868 894 928 973 rei,
957 901 990 959 et
1022 896 1049 959 si
1080 893 1121 960 ad
1147 893 1231 961 hanc

123 996 246 1079 suflicit,
270 1000 316 1067 sic
338 1023 409 1067 eam
432 1001 529 1070 debes
552 1004 730 1071 adsumere.
1253 1034 1267 1075 ι

207 1110 259 1175 30.
280 1133 313 1178 nr
335 1136 452 1179 svurrrs
475 1137 507 1180 ιι.
531 1136 561 1181 n.
584 1138 609 1181 s.
632 1137 660 1190 o.
684 1114 779 1179 etiam
801 1112 833 1179 iu
856 1109 953 1179 rebus
974 1110 1143 1180 uilissimis.

204 1218 255 1285 37.
288 1244 328 1288 ns
351 1246 488 1291 nvenvss
512 1247 634 1291 curras.
671 1224 868 1315 praetiosum
895 1224 1016 1314 piscem
1045 1245 1108 1292 non
1130 1226 1229 1293 debes

121 1348 238 1410 emere,
262 1335 399 1399 cumeis
422 1356 552 1425 pauper.

205 1439 256 1505 39.
280 1466 341 1509 ens
363 1467 519 1513 strenuo.
547 1445 601 1536 qui
624 1450 759 1511 euentus
781 1440 984 1534 subsequitur
1005 1453 1227 1525 comestorem,

121 1570 195 1615 cum
219 1574 401 1619 crumenam
424 1578 487 1621 non
509 1554 624 1621 habeat
647 1558 699 1639 (sc
722 1560 847 1639 neers),
869 1553 902 1620 id
924 1562 973 1619 est
994 1556 1226 1644 patrimonium.
1242 1582 1267 1623 ro

205 1663 256 1727 40.
294 1686 426 1731 senonis
448 1688 566 1742 trove.
599 1685 673 1731 curn
701 1686 796 1733 omne
824 1665 1050 1755 patrimonium
1077 1666 1229 1731 suumin

120 1777 266 1837 uentrem
288 1783 420 1867 mergat.

204 1882 256 1948 43.
279 1907 403 1953 snrnvs
426 1910 469 1954 ιι
490 1910 612 1955 nrorro.
634 1895 709 1979 post
730 1887 836 1955 omnia
857 1886 966 1955 uendit
988 1886 1119 1955 anulum
1142 1909 1160 1953 e
1182 1887 1230 1954 di·

122 1992 199 2084 gito,
222 2002 254 2059 et
275 1996 422 2064 comedit

206 2104 257 2172 44.
289 2128 352 2175 non
373 2132 557 2177 ensnarvn.
591 2108 623 2177 id
646 2118 703 2189 est,
725 2132 791 2176 non
813 2130 928 2200 magna
949 2109 1119 2176 metuenda
1141 2126 1267 2176 morsis

121 2213 154 2281 in
176 2214 306 2283 iuuenta
328 2216 569 2301 luxuriantibus,
591 2242 687 2310 quam
710 2228 868 2287 senectus.

208 2326 260 2393 46.
293 2350 327 2393 ιιι
349 2350 555 2407 rtsnvrrors.
594 2332 776 2421 frequenter
804 2328 852 2397 his
881 2329 976 2398 rebus
1003 2330 1043 2399 ad
1071 2352 1230 2397 summam

122 2444 319 2529 aegestatem
340 2441 539 2529 peruenitur,
567 2448 695 2509 etcum
719 2463 736 2507 a
760 2436 970 2507 creditoribus
990 2448 1150 2531 sumptam
1173 2464 1229 2532 pe·

121 2550 249 2615 cunum
264 2548 493 2631 deuorauerint,
515 2553 547 2620 in
570 2551 698 2619 exilium
721 2560 836 2642 sponte
858 2558 943 2628 eunt,
964 2548 997 2616 id
1011 2558 1060 2616 est
1070 2550 1110 2617 ad
1124 2548 1231 2632 Baias,

122 2658 177 2725 ubi
200 2661 299 2727 maior
322 2670 371 2727 est
392 2660 525 2744 luxuria,
549 2661 602 2730 ubi
626 2670 658 2729 et
679 2660 843 2752 reliquam,
866 2660 893 2726 si
909 2668 967 2740 est,
988 2661 1157 2752 pecuniam
1173 2660 1270 2727 dtr-²⁰

122 2778 245 2837 uorant.
275 2778 349 2839 tunc
371 2794 444 2839 nam
467 2781 556 2851 eunt,
579 2794 653 2838 cum
676 2778 823 2862 superest
843 2769 975 2861 aliquid,
1003 2778 1037 2836 et
1058 2792 1099 2838 ne
1120 2772 1161 2837 sit
1183 2771 1230 2837 la-

122 2877 225 2949 cultas
251 2882 399 2949 creditori
426 2882 592 2974 repetundi
621 2882 791 2974 pecuniam
817 2905 924 2963 suam,
952 2880 1081 2948 exilium
1102 2879 1162 2947 sibi
1183 2881 1231 2947 in-

122 2992 243 3061 dicunt.
347 3018 487 3062 rscvnm
508 2993 635 3061 Reuss.
676 3002 787 3061 mutuo
810 3000 942 3084 accepta
964 3001 1036 3059 ante
1057 2992 1231 3061 creditores

123 3103 305 3171 comedunt.

209 3215 262 3281 48.
284 3235 417 3281 rasonis
439 3238 577 3283 necron.
609 3223 832 3307 consumptam
859 3213 1029 3307 pecuniam
1050 3232 1126 3279 cum
1145 3212 1270 3279 rridetas

125 3326 271 3394 creditor.

209 3437 261 3503 49.
286 3460 339 3513 ovs
361 3460 513 3505 renuens
537 3460 651 3505 sonvrr.
675 3436 806 3505 exilium
827 3436 903 3527 pati.

210 3548 262 3613 50.
301 3570 603 3626 eremannos.
639 3548 751 3629 idest,
784 3544 861 3613 nihil
883 3552 933 3611 est
954 3542 1103 3624 deterius,
1137 3564 1235 3634 quam

125 3658 239 3729 abesse
261 3660 341 3741 loro,
365 3668 399 3727 ut
422 3668 455 3727 et
475 3662 610 3752 patriam
631 3660 777 3729 deserere
799 3655 937 3750 patiaris.

127 3946 155 4000 1.
176 3942 282 3997 bueces
303 3938 483 4011 PS.oorr·.p.
586 3935 614 3993 5.
635 3932 744 3991 sufficis
768 3934 800 3993 0.
817 3931 922 3992 Bortlt·
1018 3935 1065 3989 10.
1086 3948 1151 3986 cum
1170 3946 1235 3987 curn

126 4036 186 4075 non
207 4020 238 4075 S.
259 4034 321 4073 cum
343 4033 398 4071 non
419 4017 453 4071 P.
474 4028 547 4070 corr.
563 4029 589 4070 s.
650 4014 753 4069 1314.
776 4012 867 4086 digito
886 4007 986 4067 uendit
1005 4018 1034 4065 ot
1052 4008 1110 4064 ΡΒ.
1124 4024 1197 4064 corr.
1210 4024 1235 4063 c.

129 4100 176 4155 15.
198 4096 289 4170 magis
308 4111 338 4167 p.
416 4110 492 4148 mors
512 4092 630 4147 inuenta
650 4092 708 4146 PS.
725 4106 800 4146 carr.
819 4106 849 4164 p.
936 4090 985 4142 20.
1006 4085 1181 4141 decorarent
1200 4087 1236 4142 P.

128 4171 334 4231 deunrnuerint
354 4172 385 4227 S.
407 4168 549 4227 decorent
567 4186 596 4243 p.
661 4170 959 4223 armamentum
980 4164 1039 4219 PS.
1094 4163 1142 4218 25.
1164 4178 1237 4215 con-

128 4259 244 4327 sumpta
264 4247 388 4325 pecunia
407 4247 466 4303 ΡΒ.
523 4244 861 4305 assuescentem
921 4239 1036 4297 deferre
1055 4239 1250 4295 Pfl.cors·.c.·

950 4336 995 4403 22
