3025 4859
573 380 719 435 SATVRA
738 381 798 433 Xll.

140 550 244 619 accidit
266 559 299 617 ct
319 558 428 617 nostro
452 546 560 615 similis
583 550 708 616 fortuna
732 546 869 614 Catulla.

139 686 206 731 cum
227 660 340 753 plenus
362 660 461 727 fluctu
482 659 605 727 medius
627 658 710 726 foret
731 659 852 739 alueus,
875 666 908 723 ct
928 660 991 724 iam
1201 667 1241 719 30

138 772 289 839 alternum
310 772 424 862 puppis
447 768 529 836 latus
553 769 768 837 euertentibus
791 770 882 836 undis

138 880 236 949 arbori
257 883 398 947 incertae
419 879 538 946 mdlam
560 878 725 969 prudentia
747 881 818 946 cani

136 993 264 1085 rectoris
287 1014 360 1058 cum
383 990 479 1056 lerret
501 1010 605 1079 opem,
626 988 774 1056 decidere
794 990 879 1056 iactu

137 1102 239 1191 coepit
261 1122 334 1166 cum
357 1101 469 1179 uentis,
491 1099 630 1165 imitatus
647 1106 787 1178 ,castora
810 1098 864 1191 qui
886 1120 922 1164 se

137 1210 313 1277 eunuchum
334 1210 403 1299 ipse
425 1208 508 1287 lacit,
530 1208 661 1297 cupiens
684 1208 822 1275 euadere
844 1207 960 1306 damno
1200 1217 1239 1270 35

136 1318 284 1388 testiculi:
307 1319 394 1386 adeo·
410 1316 603 1402 medicatum
624 1315 779 1409 intellegit
799 1319 927 1410 inguen.

131 1422 282 1508 “lundite,
305 1450 387 1519 quae
409 1450 480 1494 mea
503 1421 611 1506 sunt'’,
634 1423 768 1507 dicebat,
784 1422 962 1509 “cuncta'’‚
986 1424 1140 1503 Catullus,

136 1539 340 1628 praecipitare
362 1535 474 1604 ualens
497 1535 592 1603 etiam
613 1532 836 1627 pulcherrima,
858 1544 983 1603 uestem

136 1668 335 1736 purpuream,
359 1648 475 1713 teneris
499 1666 627 1736 quoquc
649 1642 887 1713 Maecenatibus
909 1655 1024 1736 aptam,

135 1765 227 1847 atque
251 1754 337 1835 alias,
359 1778 493 1846 quarum
515 1756 662 1846 generosi
685 1755 837 1845 graminis
857 1756 963 1847 ipsum
1200 1766 1243 1823 4ο

135 1866 239 1931 iniecit
259 1874 372 1931 natura
394 1888 502 1955 pecus,
526 1864 582 1931 sed
604 1873 636 1931 ct
657 1865 806 1957 egregius
828 1863 900 1932 lons

134 1974 252 2041 uin'bus
274 1973 407 2040 occultis
430 1982 462 2039 et
482 1972 633 2041 Baeticus
656 1974 870 2048 adiuuataer.

132 2083 184 2151 ille
204 2108 266 2152 nec
288 2092 456 2174 argentum
478 2082 641 2151 dubitabat
662 2086 797 2165 mittere,
819 2081 927 2151 lances

133 2192 302 2262 Parthenia
326 2194 435 2275 lactas,
458 2214 557 2259 urnae
580 2201 700 2260 cratera
721 2216 875 2285 capacem

134 2313 165 2371 et
186 2304 316 2397 dignum
339 2303 465 2369 'sitiente
486 2300 589 2369 Pbolo
611 2303 662 2369 uel
686 2306 822 2395 coniuge
844 2304 948 2384 Fusci,
1200 2317 1240 2372 45

135 2414 213 2482 adde
236 2422 269 2480 et
292 2412 468 2479 bascaudas
492 2420 524 2478 et
546 2410 631 2478 mille
653 2414 784 2494 escaria,
807 2414 942 2481 multum

135 2524 256 2606 caelati,
278 2521 402 2590 biberat
423 2542 488 2613 quo
510 2520 643 2589 callidus
665 2532 792 2613 emptor
812 2521 952 2612 Olynthi.

135 2633 190 2701 sed
212 2636 284 2725 quis
306 2655 391 2699 nunc
413 2631 503 2711 alius,
526 2652 587 2721 qua
610 2630 719 2697 mundi
740 2639 831 2722 parte
853 2633 924 2723 quis
946 2634 1043 2700 audet

135 2752 266 2833 argento
292 2743 451 2833 praeferre
474 2748 570 2830 caput
591 2737 750 2828 rebusque
773 2739 931 2807 salutem?

136 3126 166 3181 31
182 3143 225 3200 sq.
250 3124 461 3198 emergentibus
484 3122 567 3179 undis
588 3125 689 3181 arbore
710 3124 739 3179 iu
761 3126 868 3184 incerta
888 3124 1062 3183 Hildcbraad
1076 3126 1114 3184 cd
1128 3124 1248 3203 Aputr

136 3204 221 3274 abd.
321 3204 368 3257 32.
391 3200 485 3255 arbori
505 3200 689 3257 Lachmann:
710 3204 820 3259 arbaris
840 3206 901 3260 Par.
999 3204 1108 3260 incerte
1128 3206 1182 3273 1⁷3,
1201 3204 1245 3259 in·

137 3288 214 3335 certo
234 3276 368 3354 padplua,
389 3276 488 3333 incerti
509 3274 550 3345 ba,
569 3278 678 3332 incerta
699 3274 722 3347 f,
743 3278 853 3335 arboris
873 3281 1021 3336 incuruum
1033 3276 1249 3349 Sebarzllciscb,

138 3356 272 3429 aequoris
294 3354 394 3410 incerti
421 3350 523 3409 Iacobs
549 3351 707 3427 (Mattbtue
717 3357 799 3412 natac.
811 3355 1072 3433 praetractata),
1098 3357 1248 3412 marmoris

137 3431 237 3488 incerti
258 3428 407 3494 Heinricb,
433 3432 594 3504 arboreque
619 3430 728 3485 ineerta
753 3429 903 3506 Kenrptius
922 3432 997 3489 abes.
1013 3452 1041 3508 p.
1054 3436 1107 3499 58,
1131 3433 1248 3489 arbitrio

138 3508 248 3565 incerto
273 3504 479 3579 Bezzenbcrpcr
490 3522 583 3581 propr.
600 3505 699 3562 Drcsd.
716 3525 744 3564 a.
760 3510 836 3565 1844
846 3512 928 3583 p.25.
1034 3512 1082 3565 33.
1103 3527 1166 3564 cum
1186 3509 1248 3565 ler-

139 3593 182 3641 rct
193 3602 234 3640 w:
256 3582 403 3639 conferret
422 3584 475 3647 Ρς.
621 3583 658 3639 34
665 3600 725 3657 sqq.
748 3584 970 3657 qui-testiculi
980 3587 1102 3642 amitas
1113 3584 1150 3641 ad
1164 3588 1249 3660 Vara.

136 3676 234 3735 paorp.
248 3664 274 3729 1,
289 3662 336 3715 58.
435 3662 472 3715 36
482 3660 612 3733 apamiam
623 3658 706 3716 babet
717 3660 862 3717 Heinrich.
1001 3662 1124 3719 testiculi
1145 3661 1251 3738 passae

139 3738 177 3793 N.
186 3738 327 3795 Heinsius
337 3734 375 3791 ad
388 3732 495 3829 aaut.
507 3738 540 3793 11
550 3754 628 3793 carra.
640 3734 710 3791 Stil.
720 3741 790 3794 167.-
810 3738 927 3797 testicul
947 3741 981 3807 P,
1001 3739 1196 3795 testiculorum
1214 3758 1250 3795 ω.

139 3832 253 3966 llil?
275 3816 310 3870 Ρ·
347 3811 680 3947 a.³l·..‘t;tllt⁸.tf·
703 3813 952 3948 callidam
971 3816 1254 3967 {tttttztt

138 3970 185 4026 43.
198 3968 351 4025 dubitabat
360 3964 552 4040 paradubitat
562 3968 630 4030 Ρος.
694 3967 741 4023 44.
752 3967 905 4044 parthenie
920 3988 946 4043 9.
1025 3969 1072 4025 45.
1086 3968 1180 4024 Pholo
1192 3985 1252 4042 pm:

139 4043 206 4120 polo
228 4049 263 4101 P.
400 4044 448 4099 46.
470 4040 641 4097 anascaudas
662 4044 694 4112 S,
714 4043 877 4100 bascaudas
896 4044 938 4119 sp.
1055 4046 1167 4101 escaria
1188 4048 1253 4100 Pur:

139 4120 248 4177 ascalia
269 4119 369 4186 atrae.
466 4118 513 4175 47.
535 4115 620 4173 celati
640 4121 676 4176 P.
760 4138 817 4195 quo
836 4140 899 4196 pw:
920 4120 997 4197 quod
1018 4120 1067 4192 ΡΙ.
1165 4119 1253 4197 palli·

140 4196 193 4253 dus
214 4201 250 4257 P.
335 4196 423 4271 olynti
445 4194 478 4250 P.
563 4195 610 4251 48.
632 4196 730 4271 ecquis
752 4197 856 4254 [arabs
867 4197 1028 4269 (Matthiae
1040 4198 1149 4256 arisal
1155 4199 1256 4271 p.89.)

969 4298 990 4359 9
