3025 4859
275 354 350 429 252
658 373 820 431 scuonrn
841 378 1000 433 veruna,

359 540 432 609 287.
454 564 585 610 nvurers
601 564 761 612 ronrvnn.
786 556 956 637 paupertas
972 548 1100 637 antiqua
1116 554 1221 613 castas
1245 546 1383 639 cogebat

273 672 344 717 esse
364 650 521 719 mulieres.
550 674 635 721 nunc
655 654 785 721 diuitiae
808 665 840 723 et
861 656 1003 725 luxuriae
1025 654 1189 747 inpudicas
1212 658 1339 723 iaciunt.

356 762 429 829 289.
452 784 559 830 recca
581 784 696 831 aneon.
715 763 807 831 labor
829 788 902 832 narn
925 774 1033 834 custos
1056 773 1108 833 est
1130 760 1293 833 castitatis.

357 872 429 937 291.
457 869 636 941 Hennaeae.
664 873 796 941 adsidua
820 873 901 943 bella
924 874 1118 943 Hannibalis.
1227 874 1383 943 Connrno.

248 990 392 1061 amente,
414 980 468 1049 uel
488 990 588 1072 porta.

357 1090 431 1158 293.
468 1113 662 1159 vncrscrrvn
686 1116 803 1161 onerer.
826 1093 947 1177 orbem,
985 1116 1082 1187 quem
1108 1115 1168 1161 nos
1190 1092 1384 1184 subegimus,

272 1198 442 1280 lascimtas,
465 1222 548 1290 quae
568 1224 628 1268 nos
649 1204 774 1285 inuasit,
798 1203 943 1272 defendit

359 1310 433 1375 295.
461 1332 649 1379 samaras
670 1309 818 1380 Rouana.
842 1314 947 1379 omnia
970 1313 1099 1380 crimina
1122 1311 1384 1381 habundauerunt

275 1420 407 1486 auaritia
428 1428 592 1487 crescente
614 1428 648 1487 et
670 1430 857 1512 paupertate
879 1420 1011 1489 abiecta.

237 1558 264 1594 m
359 1529 433 1595 290.
460 1552 503 1595 nr
526 1530 666 1598 Sraanrs
689 1552 820 1599 coenes.
854 1539 887 1598 et
909 1530 1061 1613 Sibarinr,
1085 1534 1247 1599 ciuitatem
1270 1534 1301 1601 in
1323 1531 1382 1600 lta-

272 1640 323 1721 lia,
345 1638 520 1707 Filoctetae
541 1642 674 1708 comites
697 1640 916 1708 condiderunt.
939 1662 1021 1730 quae
1043 1640 1119 1708 urbs
1142 1650 1253 1732 postea
1267 1643 1301 1710 in
1316 1652 1382 1711 tan·

273 1757 343 1816 tum
369 1750 519 1841 prolapsa
547 1759 596 1817 est
623 1753 654 1817 in
681 1751 767 1817 omni
796 1748 952 1841 obprobio
981 1752 1130 1818 continua
1158 1750 1322 1832 felicitate,
1350 1758 1383 1817 ut

272 1880 392 1925 nomen
423 1859 464 1925 ad
498 1859 760 1950 significationem
789 1858 992 1950 inpudicitiae
1022 1858 1198 1951 significare
1229 1860 1381 1927 uideatur.
1487 1854 1488 1865 ’

274 1966 416 2034 similiter
436 1965 569 2035 Rhodos
592 1978 625 2036 et
646 1966 774 2036 Miletos
795 1967 920 2034 luxuria
943 1967 1108 2050 diffluunt,
1141 1970 1172 2035 in
1196 1966 1311 2037 Grecia
1340 1969 1383 2036 ci-

235 2100 260 2141 ra
274 2077 401 2145 uitales.

357 2188 430 2255 297.
452 2186 694 2278 [Tanenrvu]'*
715 2190 749 2255 in
770 2185 858 2255 ltalia
881 2190 1110 2279 uituperentur.
1213 2212 1381 2256 recreans
1488 2230 1489 2255 i

273 2306 381 2365 autem
403 2297 494 2379 dicit,
521 2299 595 2389 quia
623 2297 795 2365 aduersum
816 2294 979 2365 Romanos
1009 2296 1126 2365 bellrun
1149 2320 1245 2389 saepe
1272 2321 1381 2367 moue·

273 2417 347 2475 runt
368 2416 401 2475 et
422 2431 457 2475 se
478 2406 580 2497 Pyrro
603 2407 772 2475 sociarunt.
846 2428 1050 2477 cononnrvu.
1074 2408 1105 2473 in
1128 2409 1293 2489 conuiuiis,
1315 2410 1381 2475 siue

271 2520 406 2589 lluxum.

234 2660 263 2699 aa
357 2628 431 2695 298.
469 2649 612 2695 obscena
631 2649 772 2695 recvrun
793 2650 909 2697 nones.
946 2630 1019 2719 quia
1048 2648 1104 2691 ore
1131 2625 1272 2694 obsceno
1300 2636 1379 2695 sunt

272 2736 424 2804 Horatius
447 2736 595 2827 [epod.8‚
610 2736 662 2823 19]
686 2735 726 2802 de
747 2735 929 2803 huiusmodi
951 2737 1089 2802 leminis:
1121 2731 1210 2828 ‘quia
1231 2746 1266 2803 ut
1288 2760 1381 2829 super

274 2868 373 2913 uoces
394 2845 435 2913 ab
456 2848 585 2938 inguine
607 2867 664 2912 ore
685 2843 936 2915 adlaborandum
958 2852 1007 2911 est
1028 2840 1101 2913 tibi?

356 2957 576 3024 2991101111
598 2976 699 3022 evxv.
726 2954 828 3045 turpis
850 2955 976 3021 luxuria
997 2953 1124 3022 saecula
1148 2955 1288 3049 dissipat

360 3066 435 3131 300.
457 3086 748 3133 nrvrrrnerroeees.
772 3064 899 3131 diuitiae
911 3062 1161 3131 debilitauerunt
1217 3066 1302 3151 (301.
1317 3089 1380 3132 nrs-
1489 3098 1490 3103 1

234 3202 262 3241 aa
278 3198 409 3244 cnrurnn
431 3179 475 3262 n.)
504 3175 614 3263 [asnia
636 3174 770 3262 eruar}
800 3174 917 3255 idest,
946 3173 1081 3241 ebrietas
1110 3172 1187 3241 nihil
1214 3174 1379 3242 honesturn

274 3287 461 3355 considerat

355 3396 429 3463 301.
458 3414 597 3461 moruus
620 3417 663 3461 nr
686 3415 820 3461 cnrrrrs.
855 3394 1035 3462 distantiam
1057 3395 1167 3485 capitis
1189 3404 1222 3461 et
1249 3394 1382 3465 uiriliurn

274 3508 377 3573 nescit
397 3504 541 3573 ebrietas.

274 3811 304 3865 5.
324 3816 355 3862 ut
374 3808 432 3865 ΡΒ.
454 3823 525 3864 corr.
547 3824 572 3863 a.
633 3811 679 3865 10.
701 3808 729 3863 in
744 3804 843 3863 ltaliae
864 3806 922 3863 ΡΒ.
944 3822 1018 3862 corr.
1040 3822 1067 3880 p.
1128 3808 1175 3861 11.
1196 3809 1301 3880 postea
1319 3818 1380 3857 mu·

273 3892 333 3940 tata
354 3884 496 3941 Eremito.
580 3887 626 3940 12.
647 3882 785 3960 perlapsa
806 3884 864 3938 ΡΒ.
885 3898 959 3939 corr.
981 3900 1010 3955 p.
1094 3898 1178 3938 omne
1199 3880 1334 3957 probrum
1353 3894 1380 3953 p.

274 3965 321 4018 13.
341 3959 477 4018 sulficere
496 3955 734 4030 Scburtzllriacb.
755 3957 903 4034 singulare
923 3976 947 4015 a.
1032 3958 1080 4015 14.
1100 3956 1230 4014 defluunt
1250 3956 1307 4012 ΡΒ.

274 4040 321 4094 10.
351 4034 487 4095 uidentur
517 4033 659 4093 eretdtm
689 4034 830 4111 quaedum
858 4052 931 4110 qrroe
963 4033 1002 4092 od
1029 4038 1186 4091 Turdetum
1215 4036 1381 4109 spectarent.

275 4119 321 4172 19.
341 4130 505 4171 arsurum.
530 4110 637 4169 fluxum
657 4131 687 4188 p.
775 4116 823 4169 21.
841 4105 931 4187 ‘qnod
953 4120 984 4168 ut
1003 4113 1129 4188 superbo
1149 4098 1300 4187 prouoces'
1321 4110 1380 4163 llo-

273 4191 380 4247 rottus.
459 4194 507 4249 27.
530 4188 665 4246 distantia
684 4189 742 4247 ΡΒ.
765 4206 840 4246 corr.
861 4206 888 4245 o.
967 4192 1015 4245 28.
1037 4206 1072 4246 ne
1093 4187 1130 4245 sit
1151 4186 1207 4286 ΡΒ.
1229 4202 1300 4243 corr.
1321 4201 1345 4239 o.
