3025 4859
235 324 284 398 74
496 338 531 391 o.
549 338 637 391 rvmr
655 336 850 393 rrvreasurs
869 337 1014 393 sarran
1033 339 1078 391 rr.

234 517 309 575 tune
332 507 412 573 duos
434 529 511 588 una,
535 507 719 574 saeuissime
742 507 864 597 uipera,
888 503 991 574 cena?

234 628 310 686 tune
333 615 436 686 duos?
460 613 624 708 “septem,
647 619 675 684 si
695 625 815 709 septem
837 618 919 683 forte
940 612 1102 685 luissent.”

233 730 398 798 credamus
420 731 549 820 tragicis
571 727 721 819 quidquid
744 727 785 794 de
809 725 962 794 Colchide
984 737 1076 796 torua

233 841 346 909 dicitur
368 849 400 907 et
421 839 557 932 Progne.
585 837 629 905 nil
651 847 761 906 contra
784 861 896 920 conor,
921 846 953 904 et
973 837 1046 906 illae

231 951 362 1044 grandia
383 957 524 1018 monstra
546 950 611 1016 suis
633 949 792 1016 audebant
814 947 1024 1038 temporibus,
1047 951 1104 1018 sed
1275 955 1335 1016 645

231 1085 296 1128 uon
317 1069 448 1153 propter
469 1082 625 1128 nummos.
657 1061 761 1127 minor
784 1057 948 1125 admiratio
971 1061 1102 1127 summis

232 1171 364 1239 debetur
386 1172 549 1251 monstris,
572 1171 719 1260 quotiens
740 1170 816 1236 lacit
834 1170 880 1235 ira
902 1179 1070 1238 nocentem

231 1279 318 1350 hunc
340 1304 469 1363 sexum3
491 1280 578 1348 rabie
599 1282 688 1346 iecur
709 1279 898 1347 incendente
920 1281 1064 1348 teruntur

230 1393 434 1482 praecipites,
457 1400 493 1458 ut
514 1413 592 1458 saxa
614 1392 695 1482 iugis
717 1391 865 1482 abrupta,
890 1389 1003 1483 quibus
1025 1413 1117 1460 mons

231 1499 425 1568 subtrahitur
446 1500 594 1594 cliuoque
616 1500 698 1568 latus
719 1502 878 1593 pendente
901 1502 1029 1569 recedit.
1275 1515 1337 1573 650

229 1611 316 1679 illam
339 1634 399 1704 ego
421 1633 485 1678 non
507 1611 649 1690 tulerim,
671 1634 754 1701 quae
776 1620 928 1702 conputat
950 1621 982 1680 et
1004 1613 1109 1682 scelus
1131 1615 1243 1706 ingens

230 1746 307 1790 sana
329 1723 412 1789 facit.
446 1730 593 1812 spectant
614 1720 890 1816 subeuntemfata
912 1724 1015 1790 mariti

229 1833 383 1901 Alcestim
406 1840 451 1913 et,
475 1831 584 1899 similis
606 1834 633 1898 si
654 1833 845 1922 permutatio
870 1831 976 1913 detur,

230 1952 333 2011 morte
355 1944 414 2009 uiri
437 1943 565 2032 cupiant
587 1943 724 2007 animam
746 1963 876 2008 seruare
899 1942 1041 2011 catellae.

229 2062 397 2120 occurrent
419 2051 537 2119 multae
559 2048 615 2117 tibi
638 2049 766 2118 Belides
789 2061 885 2145 atque
906 2051 1077 2146 Eriphylae
1272 2063 1333 2127 655

228 2186 336 2243 mane,
361 2161 650 2252 Clytaemnestram
671 2159 777 2227 nullus
798 2185 863 2230 non
885 2166 975 2233 uicus
996 2165 1134 2236 babebit

226 2273 289 2341 hoc
312 2282 433 2341 tantum
455 2273 567 2352 refert,
590 2273 676 2362 quod
699 2271 856 2362 Tyndaris
878 2273 931 2341 illa
955 2275 1123 2367 bipennem

225 2383 379 2451 insulsam
401 2393 434 2450 et
454 2384 574 2450 fatuam
597 2383 709 2450 dextra
731 2382 887 2474 laeuaque
911 2387 1054 2471 tenebat;

227 2504 259 2562 at
280 2518 366 2562 nunc
388 2519 439 2562 res
461 2496 565 2583 agitur
587 2495 673 2559 tenui
695 2492 846 2584 pulmone
868 2494 1013 2577 rubetae,

226 2607 283 2674 sed
305 2615 412 2672 tamen
434 2613 466 2671 et
487 2606 585 2686 ferro,
608 2605 635 2671 si
656 2602 874 2697 praegustabit
894 2605 1021 2674 Atrides
1271 2626 1332 2681 660

224 2713 357 2783 Pontica
380 2724 428 2783 ter
450 2716 525 2800 uicti
548 2724 662 2782 cautus
684 2716 895 2783 medicamina
916 2719 1009 2809 regis.

224 2945 276 3002 641
289 2962 332 3020 sq.
352 2953 420 3001 tune
433 2977 472 2987 -
486 2944 559 3002 duos
570 2945 898 3011 PriamoauaVli,6,28
911 2945 1014 3021 prta,
1034 2951 1134 3017 XVII,
1143 2955 1169 3018 1,
1180 2953 1198 3006 3
1211 2967 1239 3024 p.
1248 2954 1332 3019 1036,

224 3025 325 3088 XVII,
339 3027 366 3090 9,
378 3026 415 3080 59
428 3039 458 3097 p.
473 3022 557 3079 1064.
638 3023 705 3078 643.
726 3030 810 3076 torua
821 3024 911 3079 Psoi:
931 3041 1020 3082 saeua
1040 3042 1072 3095 ς,
1093 3037 1168 3084 tetra
1188 3031 1333 3086 Bursaon-

119 3165 124 3174 ·
224 3117 280 3156 aus
292 3098 329 3155 od
340 3097 424 3155 oatb.
435 3100 506 3156 Lot.
517 3103 550 3158 11
563 3118 591 3176 p.
602 3099 669 3156 448.
769 3097 834 3155 644.
857 3118 967 3175 progne
987 3104 1077 3159 Psro:
1097 3123 1206 3182 procne
1227 3121 1253 3172 ς.

224 3177 291 3233 647.
313 3184 462 3232 nocentem
478 3193 537 3250 pto:
558 3183 695 3232 nocentes
707 3172 756 3245 Pr.
822 3176 889 3234 648.
911 3187 939 3233 et
951 3179 1030 3237 rabie
1046 3177 1112 3247 αᾶς.
1177 3183 1257 3240 rabie
1271 3200 1332 3259 por:

223 3253 332 3309 rabiem
353 3251 402 3324 Pf.
481 3254 561 3311 iecur
580 3249 799 3329 inpenderePf.
873 3255 930 3310 652
939 3273 982 3344 sp.
1004 3259 1333 3334 spectant-Alcesten

223 3329 312 3387 sabel.
325 3331 407 3387 Stat.
421 3328 507 3387 atet.
523 3334 573 3397 Vl,
586 3333 652 3388 380.
762 3329 932 3386 subeuntem
953 3333 1013 3389 tata
1032 3353 1094 3408 pm:
1114 3335 1282 3394 subeuntem
1302 3346 1333 3395 et

222 3407 285 3462 fata
299 3411 332 3474 P,
351 3409 519 3464 subeuntem
534 3406 654 3465 etfama
667 3424 695 3481 9.
761 3407 827 3464 653.
845 3405 979 3465 Alcestim
993 3409 1090 3486 rsty.-
1111 3412 1253 3470 Alcestem
1264 3430 1321 3491 pto.

223 3486 290 3541 654.
312 3483 429 3561 cupiant
448 3482 559 3559 Poqua
581 3485 700 3617 cupient
719 3499 754 3538 to.
859 3485 925 3541 656.
949 3485 1168 3562 Clytemestram
1189 3493 1224 3546 P.

223 3563 291 3618 658.
312 3561 433 3616 inuisam
454 3559 518 3635 dpg.
633 3576 707 3616 aeua
727 3558 886 3636 dextraque
907 3576 934 3628 ς.
1038 3565 1162 3642 leuaque
1182 3571 1215 3624 P.

223 3640 290 3695 659.
312 3636 350 3693 ad
371 3635 437 3710 Psy.
535 3641 602 3710 660.
624 3637 822 3714 praegustabit
841 3641 881 3694 P:
902 3650 1102 3716 praegustaret
1120 3662 1181 3720 pm,
1201 3663 1329 3723 praegu-

223 3715 306 3770 starit
325 3713 483 3774 Markland
497 3719 581 3792 epist.
595 3719 657 3773 crit.
671 3732 701 3789 p.
714 3717 780 3772 138.

261 3791 324 3848 luni
343 3790 404 3848 luu.
425 3793 555 3852 Saturar.
577 3793 625 3850 lib.
638 3791 662 3847 ll
683 3790 810 3867 explicit.
840 3789 944 3868 Incipit
962 3793 1010 3851 lib.
1026 3795 1074 3854 lll.
1096 3795 1231 3856 Feliciter
1251 3803 1285 3856 P.

626 4008 926 4034 ---—--
