3025 4859
270 337 344 411 132
647 352 681 403 1).
700 350 789 403 rvuu
807 347 1002 402 rvvrcuaus

268 518 344 603 [non
368 524 497 607 propter
520 517 616 582 uitam
640 518 760 583 iaciunt
781 515 969 605 patrimonia
990 512 1127 603 quidam,
1343 523 1381 577 50

268 625 325 692 scd
348 626 424 691 uitio
448 625 535 691 caeci
558 635 688 717 propter
711 626 899 717 patrimonia
922 624 1058 709 uiuunt]

267 736 403 801 iactatur
424 757 531 801 rerum
553 734 676 803 utilium
699 759 774 826 pars
795 736 942 812 maxima,
964 731 1022 798 sed
1043 754 1103 798 aec

270 843 384 909 damna
407 843 522 910 leuant.
560 855 634 913 tunc
657 848 800 915 aduersis
821 841 1032 936 urguentibus
1054 840 1130 907 illuc

269 952 402 1019 reccidit
424 961 459 1020 ut
480 953 599 1022 malum
623 957 707 1023 ferro
731 956 951 1029 summitteret,
974 973 1012 1017 ac
1035 974 1071 1019 se

273 1060 411 1152 explicat
432 1073 618 1154 angustum:
640 1064 826 1131 discriminis
848 1062 967 1141 ultima,
990 1060 1120 1150 quaudo
1341 1049 1384 1127 '55
1456 1046 1459 1051 ¹

271 1170 427 1261 praesidia
450 1172 621 1239 adferimus
644 1196 760 1239 nauem
783 1174 904 1239 iactura
927 1170 1093 1237 minorem.

270 1281 281 1344 i
303 1302 397 1359 nunc,
421 1288 453 1346 et
475 1284 578 1347 uentis
602 1285 738 1349 aninumr
762 1282 935 1360 committe,
958 1279 1064 1346 dolato

273 1388 410 1456 confisus
432 1388 527 1481 ligno,
552 1390 655 1481 digitis
678 1414 695 1457 a
718 1399 822 1457 morte
844 1400 987 1457 remotus

272 1507 422 1587 quattuor
445 1508 502 1565 aut
523 1509 656 1591 septem,
681 1502 706 1567 si
729 1502 770 1565 sit
791 1499 942 1565 latissima
962 1500 1071 1580 taeda,

272 1630 349 1672 mox
372 1632 445 1674 cum
468 1609 608 1676 reticulis
631 1620 663 1677 et
686 1633 768 1700 pane
791 1618 824 1675 et
845 1617 958 1675 uentre
979 1606 1114 1698 lagonae
1347 1622 1386 1672 oo

272 1718 378 1807 aspice
401 1720 572 1785 sumendas
594 1720 626 1785 in
649 1726 839 1808 tempestate
862 1741 1001 1786 secures.

272 1825 328 1890 sed
351 1833 521 1917 postquam
543 1830 638 1895 iacuit
660 1826 790 1918 planum
811 1851 908 1907 mare,
932 1835 1074 1917 tempora
1097 1834 1268 1916 postquam

270 1957 426 2025 prospera
448 1938 587 2003 uectoris
610 1938 775 2027 fatumque
796 1934 954 2003 ualentius
975 1958 1054 2003 euro

271 2052 304 2107 et
325 2042 450 2136 pelago,
474 2054 643 2137 postquam
664 2044 786 2114 Parcae
808 2045 939 2112 meliora
962 2045 1097 2135 benigno

271 2176 371 2243 pensa
394 2176 490 2221 manu
514 2155 634 2222 ducunt
655 2154 770 2221 hilares
793 2164 825 2221 et
847 2157 988 2222 staminis
1011 2154 1074 2220 albi

271 2262 424 2343 lanificae,
446 2265 571 2331 modica
592 2287 653 2331 nec
676 2264 811 2331 multum
833 2266 943 2331 fortior
965 2287 1043 2331 aura

271 2380 387 2437 uentus
409 2374 507 2455 adest,
529 2376 615 2465 inopi
638 2373 825 2439 rrriserabilis
848 2382 915 2439 arte
938 2374 1079 2439 cucurrit

271 2480 413 2547 uestibus
436 2485 572 2549 extentis
595 2491 636 2561 et,
659 2482 745 2573 quod
767 2490 975 2574 superauerat
995 2505 1105 2561 uuum,

270 2588 344 2656 uelo
366 2613 461 2680 prora
483 2614 551 2659 suo.
586 2594 650 2658 iam
672 2591 891 2659 deficientibus
913 2592 1038 2672 austris,

270 2722 344 2791 spes
368 2700 453 2766 uitae
475 2723 548 2768 cum
571 2699 639 2766 sole
661 2702 751 2768 redit.
788 2711 865 2767 tunc
887 2709 997 2791 gratus
1020 2700 1097 2783 tuto,

270 2817 365 2899 atquc
387 2808 549 2877 nouercali
572 2811 666 2877 sedes
689 2811 830 2900 praelata
852 2806 997 2891 Lauinio,

270 2918 463 3007 conspicitur
484 2917 626 2985 sublimis
650 2943 741 3011 apex,
765 2923 816 2987 eui
839 2918 972 2985 candida
995 2942 1110 2988 nomen

268 3236 306 3291 50
321 3238 349 3289 ot
360 3234 394 3291 51
411 3235 527 3309 spurios
538 3238 650 3289 oerrseat
666 3230 813 3288 Beaticius
823 3230 862 3289 orl
872 3236 974 3289 Horat.
987 3251 1015 3289 o.
1025 3252 1055 3308 p.
1061 3237 1127 3303 387,
1149 3240 1377 3312 Piozpcrricuss.

268 3326 348 3382 spur.
359 3328 386 3382 p.
397 3314 463 3385 5sq.
617 3309 789 3385 patrimonia
809 3310 890 3364 matti
913 3312 950 3368 G.
965 3312 999 3365 Ε.
1013 3308 1151 3369 Weberus
1162 3312 1253 3388 (trito
1264 3319 1303 3374 N.
1314 3317 1376 3376 rot.

266 3382 515 3461 XXXHp.148)·
598 3388 644 3443 53.
666 3385 850 3459 urguentibus
870 3388 922 3459 Pp.
1001 3387 1048 3443 54.
1069 3389 1171 3444 recidit
1189 3391 1304 3466 Psspe:
1324 3395 1376 3453 de-

268 3461 337 3517 cidit
357 3481 391 3518 ur.
529 3462 582 3517 hac
603 3480 633 3519 re
653 3460 714 3518 cod.
732 3460 911 3531 Goyboseuis
925 3467 953 3531 1,
972 3462 1029 3517 hoc
1048 3482 1080 3521 se
1100 3466 1375 3534 Marchall,1acobs

267 3536 600 3613 (Matthiuomisopiril.
612 3541 631 3595 Ι
640 3536 787 3613 1689111).
904 3544 951 3597 56.
972 3557 1075 3595 narrem
1095 3544 1161 3597 Pro:
1181 3546 1277 3601 neuim
1296 3565 1345 3621 ρς,

266 3616 314 3670 57.
335 3614 363 3669 iu
386 3634 460 3671 nunc
479 3613 525 3686 Sf.
614 3613 711 3670 dotato
730 3632 791 3689 pro:
812 3614 903 3671 ditato
923 3620 959 3685 P,
978 3614 1081 3671 doloso
1100 3617 1202 3675 Iacobo
1213 3623 1376 3694 (Matthiae

265 3689 561 3766 urisc.pitil·.lp.90).
659 3695 706 3748 59.
729 3698 778 3745 aut
797 3693 863 3746 Pto:
884 3710 918 3747 ac
938 3711 965 3758 ς.
1045 3692 1196 3752 laetissima
1215 3701 1250 3765 P,
1271 3700 1372 3756 lautis·
1487 3731 1488 3736 =

265 3766 336 3822 sima
357 3783 384 3833 ς.
472 3767 559 3825 taeda
580 3772 618 3824 P:
639 3765 724 3823 tedae
744 3768 776 3822 S.
893 3772 940 3825 60.
961 3768 1083 3843 lagonae
1103 3769 1156 3842 Pt':
1176 3770 1297 3848 lagenae
1317 3796 1372 3851 pro.
1487 3837 1488 3848 ,

264 3844 311 3899 63.
334 3854 465 3901 uectores
486 3842 547 3915 ads,
569 3844 677 3902 uectori
699 3847 734 3899 Η.
752 3842 894 3900 Valesius.
972 3851 1019 3903 or.
1040 3847 1119 3923 inopi
1138 3866 1199 3919 pro:
1219 3851 1317 3928 inopia
1337 3857 1371 3910 P.

262 3927 324 3977 arte
345 3923 429 3993 Spar:
449 3930 525 3977 artes
545 3924 579 3977 P.
710 3922 756 3977 68.
776 3911 893 3977 ‘VEST
895 3920 984 3977 IBVS
1006 3922 1155 3997 [restibus]
1175 3926 1303 3996 sonibus,
1322 3940 1370 3986 aut

261 3994 458 4055 VESTIBVS
471 3990 562 4054 uelis.²
573 3995 662 4054 solsol.
722 3997 844 4052 extentis
855 4000 893 4053 P:
913 4000 1104 4073 extensisque.
1169 4004 1216 4058 70.
1233 4008 1370 4070 tunchr

259 4078 316 4127 turn
339 4091 373 4129 ro.
452 4078 499 4133 71.
520 4074 644 4131 Lauinio
664 4072 700 4127 Α.
712 4071 745 4128 de
755 4075 840 4143 Rooy
849 4075 943 4149 spicit.
955 4077 1019 4132 crit.
1031 4095 1060 4150 p.
1068 4081 1114 4144 57,
1137 4079 1251 4136 Satrico
1263 4081 1302 4138 ad
1314 4085 1368 4139 tb-

256 4155 330 4205 root.
341 4152 444 4208 Matar.
454 4150 609 4227 p042osqs
631 4148 742 4205 Lauino
764 4151 823 4204 Pro.
