3025 4859
279 390 358 472 ste
665 409 1009 466 scnonrsvnrnns.

282 576 361 644 caeli
392 577 470 643 uitio
503 575 557 644 uel
583 580 720 670 regionis
751 577 897 647 adsolent
926 575 1094 644 aestimari.
1221 573 1388 642 Abderites

281 711 354 756 nam
377 688 435 755 luit
455 685 678 773 Democritus,
706 691 759 759 ubi
782 691 869 758 stulti
897 688 1001 756 solent
1022 689 1124 770 nasci,
1156 685 1190 754 id
1212 693 1261 752 est
1281 683 1390 752 Abde-

281 799 333 866 ris.
440 799 558 868 idcirco
587 799 656 868 uult
681 800 904 870 Democritum
932 803 1014 867 inter
1041 797 1156 865 stultos
1182 795 1390 888 prudentisn'·

277 933 369 980 mum
389 919 510 978 natum.

255 1031 268 1070 ⁵
364 1023 416 1089 52.
451 1045 518 1089 ovu
542 1045 710 1091 ronrvnsn
734 1045 753 1088 r.
777 1046 810 1089 n.
845 1023 945 1112 [cum]
980 1024 1139 1089 fortunam
1161 1023 1389 1095 contemneret,

279 1131 355 1200 nihil
378 1131 677 1224 rehabere‚r1uod
700 1133 738 1199 db
762 1157 799 1200 eo
822 1141 1032 1225 exspectaret
1058 1132 1140 1223 quin
1160 1131 1258 1197 irnmo
1279 1127 1388 1194 inlami

280 1243 378 1335 digito
397 1243 432 1309 ei
453 1246 585 1335 turpiter
607 1243 786 1311 insultabat.

364 1353 416 1423 54.
436 1376 621 1423 rnrvnrvn.
644 1362 679 1424 ut
701 1353 904 1422 Democritus
928 1355 1014 1422 dixit.

364 1463 417 1532 55.
452 1485 601 1532 anorrnn
623 1487 651 1542 o.
689 1465 888 1556 [rucannnul.
925 1467 956 1533 in
985 1464 1082 1557 signis
1104 1463 1277 1554 insignare,
1312 1468 1389 1528 uota

242 1591 268 1634 ¹⁰
278 1581 395 1645 tacere.

364 1688 416 1752 57.
436 1707 565 1755 reolus.
596 1709 695 1755 aenea
716 1689 848 1782 pagina,
878 1709 961 1780 quae
982 1693 1057 1753 ante
1076 1684 1248 1774 imaginem
1276 1701 1386 1750 eornm

279 1807 366 1865 stans
379 1819 490 1864 omnes
505 1819 615 1866 eorum
630 1799 748 1891 gradus
764 1797 923 1867 honorum
936 1794 1104 1866 inscribtos
1119 1795 1268 1876 continet,
1291 1815 1385 1886 qnam

277 1929 363 1976 nunc
385 1907 493 1976 diomt
514 1907 655 1976 tabulam
674 1918 871 2002 patronatus.

362 2019 414 2084 58.
438 2041 639 2096 suovvunvn.
663 2019 838 2104 trahuntur,
860 2020 1028 2088 ducuntur.

239 2139 267 2182 ὓ
363 2129 416 2197 59.
444 2151 584 2198 rnrac'rn
607 2153 747 2199 sncvars.
780 2130 806 2199 si
827 2153 969 2199 menore
990 2151 1085 2213 nona,
1106 2127 1134 2196 si
1154 2147 1294 2196 msera
1316 2146 1389 2218 per-

273 2257 380 2320 eussa,
403 2237 442 2306 ab
466 2263 505 2308 eo
528 2241 614 2333 quod
636 2250 684 2310 est
705 2243 844 2335 inpingo.

257 2381 268 2396 ⁴
362 2350 413 2418 60.
445 2374 574 2423 cauma.
604 2376 679 2420 nam
702 2362 798 2446 poeta
821 2362 983 2445 equestres
1006 2361 1126 2420 statuas
1149 2358 1181 2419 et
1202 2347 1386 2417 consulares

273 2459 356 2527 dixit
377 2460 523 2530 inmerito
546 2486 683 2557 poenam
706 2467 873 2546 sustinere,
902 2465 1018 2532 autad
1040 2471 1158 2530 restem
1179 2458 1269 2541 trahi,
1300 2457 1386 2552 quod

279 2573 322 2640 ait
338 2567 461 2664 ‘sequi'
490 2581 545 2640 aut
566 2583 652 2642 certe
675 2583 707 2641 et
729 2575 868 2655 conflari,
891 2597 965 2643 crnn
984 2574 1186 2643 inimicorum
1206 2573 1344 2639 fuerumt

239 2684 411 2776 aopropriis
433 2683 574 2751 moribus
605 2684 733 2777 dignam
766 2685 984 2753 sustinuerunt
1015 2685 1219 2764 sententiam,
1253 2702 1295 2749 ex
1322 2701 1386 2772 quo

274 2791 415 2860 ostendit
435 2815 494 2886 per
514 2793 577 2864 hoc
597 2796 698 2863 ultam
719 2793 882 2864 nobilium.
956 2817 1063 2864 cavan
1086 2815 1249 2864 crannus.
1271 2789 1386 2884 quibus

276 2905 363 2971 uecti
385 2911 458 2972 sunt
479 2903 634 2973 honorati.

354 3015 410 3079 til.
439 3036 497 3082 rau
519 3035 680 3084 summanr
701 3037 744 3082 m.
778 3014 811 3084 id
830 3024 892 3099 est,
913 3011 1071 3085 condatur
1089 3021 1207 3096 statua,
1228 3021 1266 3081 ut
1282 3033 1385 3104 pecu·

272 3123 324 3192 nia
345 3123 419 3191 inde
437 3123 504 3191 liat.

233 3247 261 3290 ἢ
358 3235 409 3302 63.
447 3233 595 3303 Soranus.
639 3233 774 3304 Seianus
800 3239 859 3306 furt
886 3237 1015 3306 'liberio
1045 3257 1149 3329 usque
1181 3235 1263 3303 adeo
1292 3255 1385 3302 carus

271 3345 404 3428 nmicus,
427 3355 463 3414 ut
483 3343 559 3414 nihil
582 3353 677 3428 esset,
706 3349 792 3440 quod
815 3351 844 3416 ei
865 3346 1033 3417 a'Tiberio
1055 3348 1176 3440 petenti
1196 3353 1382 3438 negaretur3

270 3458 477 3548 usqueadeo
499 3466 535 3524 nt
556 3459 619 3526 iam
642 3457 683 3525 de
705 3459 773 3525 eius
796 3459 984 3552 cogitauerit
1004 3481 1098 3541 nece,
1126 3455 1285 3550 dispositis
1308 3475 1383 3523 con·

272 3636 300 3689 1.
322 3641 352 3688 ut
370 3633 504 3709 regiones
524 3635 583 3692 Ps.
642 3635 801 3693 averitate
820 3637 881 3693 ΡΒ.
941 3639 971 3693 2.
992 3635 1118 3694 Achiuos
1137 3636 1197 3694 Ps.
1265 3635 1295 3692 5.
1316 3647 1379 3688 eom

272 3705 337 3765 odd.
357 3726 386 3785 p.
445 3718 646 3769 contemenere
665 3709 736 3768 nihil
756 3711 809 3769 sed
829 3712 937 3771 habere
956 3713 1015 3770 ΡΒ.
1037 3720 1233 3772 contemneret
1247 3706 1318 3765 nihil
1334 3703 1378 3763 di·

272 3803 340 3878 ceus
362 3803 394 3842 se
414 3783 521 3844 habere
540 3805 569 3878 p.
618 3791 663 3879 ‚⁶⁰
685 3788 764 3863 quod
784 3787 925 3847 habeoS.
990 3793 1018 3848 9.
1038 3788 1205 3883 ἰιιρετίεί.
1266 3790 1314 3845 11.
1335 3783 1379 3876 le·

270 3879 437 4008 ii¹‚¹¹ii¹iffae
453 3862 1295 4022 tt?ttttffflttt⁸.÷?ttt.t⁴ftttlt?t.t;.t“tff
1313 3857 1378 3996 {tl

271 4018 321 4092 qui
340 4017 473 4074 fecerunt
492 4018 617 4094 propriis
637 4022 767 4093 Rotpers
779 4037 862 4077 unm.
877 4013 950 4078 laott.
972 4023 999 4089 l,
1019 4025 1066 4079 16.
1146 4025 1195 4080 21.
1216 4018 1377 4076 ostenditur

149 4103 151 4107 '
270 4094 426 4168 posteritas
446 4093 584 4151 nobilium
608 4096 638 4152 C.
656 4095 759 4153 Bortlr.
777 4106 806 4154 et
824 4097 880 4152 lroc
901 4097 1028 4154 ostendit
1046 4107 1167 4176 propter
1186 4097 1292 4154 nociue
1312 4101 1380 4150 nota

268 4169 410 4226 nobilium
416 4167 648 4243 Solortzfflotsol.
704 4175 752 4231 27.
767 4179 833 4250 post
845 4165 940 4231 ‘adeo'
953 4173 1220 4232 woidisseoidstur
1229 4159 1378 4250 ‘ingratus'

268 4244 314 4302 oct
332 4244 388 4304 tots
405 4245 480 4322 quid
500 4247 576 4307 adeo
590 4249 675 4308 etiam
688 4248 726 4309 de
737 4269 773 4308 eo
786 4251 956 4327 cogitauerit
966 4269 1067 4311 necem
1078 4253 1137 4311 PB.
1147 4243 1380 4311 emanans
