3025 4859
278 330 354 408 262
666 338 1006 399 sononuvnrnnn

363 510 438 580 460.
460 532 737 581 suranannmmvs.
760 510 804 579 nil
826 519 892 577 tam
914 504 1088 577 molestum
1110 516 1168 590 est,
1191 526 1289 598 quam
1310 525 1390 573 uxor

281 624 373 691 ditior
395 644 492 712 quam
514 626 655 691 maritus.

363 733 437 801 462.
468 756 552 802 sans
575 758 654 802 run.
689 733 888 802 medicamen
911 732 950 799 ad
974 728 1166 799 tendendam
1186 729 1315 808 faciem,
1337 735 1391 795 aut

281 852 388 910 eutem
411 846 522 935 magis.
631 844 813 913 Porsenna.
846 842 992 934 Poppea,
1026 862 1109 907 uxor
1130 837 1282 917 Neronis,
1312 837 1392 905 adeo
1472 842 1473 895 l

253 952 414 1045 aditigens
435 955 468 1020 in
491 953 666 1022 excolenda
688 960 791 1023 turma
813 955 886 1035 tuit,
919 962 955 1019 ut
982 972 1054 1019 eam
1076 949 1305 1041 quinquaginta
1333 949 1392 1013 asi·

281 1088 341 1131 nae
363 1073 572 1156 sequerentur
593 1067 724 1132 missam
745 1066 778 1132 iu
806 1065 917 1143 exilio,
946 1084 1082 1154 quarum
1108 1058 1192 1125 lacte
1221 1058 1393 1125 candorem

281 1176 424 1265 corporis
440 1172 645 1264 prouocabat.
670 1198 780 1241 earum
802 1183 913 1242 natura
935 1176 1040 1239 lucata
1064 1178 1120 1236 est.
1144 1169 1282 1237 decessit
1305 1167 1392 1234 calce

281 1307 301 1351 a
322 1282 452 1351 Nerone
475 1306 637 1374 percussa.
668 1284 884 1352 medicaminis
914 1282 1011 1372 ipsius
1034 1290 1141 1347 autem
1162 1300 1280 1345 nomen
1301 1276 1393 1343 luue-

280 1393 360 1461 nalis
382 1391 553 1486 Puppeana
575 1394 660 1473 dixit,
682 1398 774 1485 quasi
795 1394 834 1461 ab
855 1392 907 1461 illa
930 1394 1095 1458 inuentum
1115 1393 1166 1457 sit.

243 1515 271 1557 1⁰
365 1504 439 1571 464.
467 1528 510 1571 au
531 1526 692 1572 succurra
715 1527 745 1573 n.
773 1504 924 1572 adulteris
946 1504 1011 1571 suis
1034 1523 1160 1593 semper
1180 1506 1314 1567 ornatae
1336 1520 1393 1566 uu-

281 1610 351 1679 lunt
371 1614 482 1699 uideri,
506 1624 541 1681 ut
562 1615 719 1707 placeant

364 1725 439 1791 466.
474 1747 571 1793 vvcr.
593 1750 621 1793 s.
644 1748 677 1791 u.
700 1748 726 1790 s.
748 1748 780 1791 n.
804 1748 837 1793 u.
861 1748 889 1794 r.
926 1730 1087 1815 unguenta
1109 1721 1191 1789 loliis
1219 1718 1314 1814 plena
1342 1718 1392 1787 uel

281 1831 350 1900 aliis
372 1835 577 1903 aromatibus.

364 1944 437 2012 466.
459 1968 515 2012 suc
530 1970 676 2013 urrrrrrs
692 1972 713 2014 r.
734 1946 885 2041 quicquid
899 1944 963 2012 huc
986 1944 1122 2012 odorum
1144 1942 1275 2023 mittitis,
1298 1962 1391 2034 prop-
1473 1928 1474 1975 l

243 2080 269 2120 aa
281 2057 331 2123 ter
350 2056 437 2145 ipsos
460 2064 670 2144 comparatur.

363 2164 437 2232 467.
466 2188 608 2234 rinnau.
635 2170 765 2233 remotis
787 2164 1048 2235 medicaminibus
1070 2164 1109 2229 66
1138 2186 1230 2231 suam
1256 2162 1389 2229 formam

279 2273 370 2341 redit.
463 2299 563 2343 rnrua
586 2299 616 2343 n.
640 2278 754 2368 quibus
778 2280 855 2369 tegit
876 2279 990 2343 laciem
1012 2298 1112 2341 suam.

364 2385 436 2450 468.
464 2408 569 2453 cacan
592 2408 619 2451 r.
648 2388 750 2454 idest
772 2387 855 2455 lacte
878 2386 999 2453 asinina
1026 2386 1141 2453 faciem
1164 2384 1245 2465 linit,
1273 2392 1310 2450 ut
1337 2404 1390 2451 cu·

280 2502 347 2561 tem
368 2495 477 2562 tendat
499 2504 532 2561 et
553 2496 725 2565 candorem
748 2497 861 2565 eliciat.

243 2618 271 2659 ²⁰
365 2606 439 2672 469.
463 2630 602 2674 sanvcrr
625 2630 655 2675 n.
677 2606 703 2673 si
725 2609 757 2673 in
781 2608 912 2675 exilium
934 2609 1086 2685 mittatur,
1109 2605 1205 2673 ducit

364 2714 438 2781 470.
471 2740 560 2783 nxvn
582 2738 700 2785 ursan.
728 2720 788 2785 etsi
817 2721 857 2787 ad
887 2717 1017 2787 exilium
1038 2717 1181 2783 mittatur
1203 2717 1243 2785 ad
1265 2715 1387 2808 plagam

281 2826 570 2915 septentrionalem.

364 2936 438 3002 472.
461 2960 604 3005 suranus
627 2962 732 3007 ornas.
756 2940 880 3007 candidi
903 2939 1001 3031 panis.

364 3046 439 3113 473.
469 3070 619 3115 accimus
642 3071 670 3115 r.
700 3050 732 3118 id
756 3062 815 3133 est,
836 3052 934 3119 iacies
956 3074 1021 3117 non
1043 3047 1139 3115 debet
1160 3046 1212 3113 illa
1236 3046 1314 3128 dici,
1336 3046 1388 3113 scd

243 3173 269 3215 ²⁶
282 3155 408 3238 uulnus,
430 3158 470 3225 ad
493 3159 582 3224 cauus
604 3159 751 3250 inpendia
775 3170 862 3231 tanta
884 3186 925 3229 ex
946 3163 1021 3254 pani
1044 3169 1076 3228 et
1097 3159 1165 3226 aliis
1188 3158 1284 3227 rebus
1306 3167 1387 3226 cata·
1474 3140 1475 3185 ³

279 3266 437 3361 plasmata
458 3270 543 3335 lacit

362 3379 436 3448 474.
464 3404 672 3451 caunascsnn
696 3404 794 3452 aare.
822 3406 938 3477 magna
961 3408 1014 3452 res
1036 3391 1085 3450 est
1107 3404 1204 3475 posse
1225 3380 1387 3449 indiscere.

282 3511 399 3580 operae
421 3492 560 3581 pretium
582 3501 632 3558 est
653 3515 759 3576 nosse,
782 3495 857 3588 quid
879 3503 975 3587 agant
998 3502 1066 3563 tota
1088 3494 1149 3563 die.
1235 3514 1342 3559 naara
1357 3513 1388 3559 rr.

281 3807 309 3865 4.
330 3808 460 3884 Pompea
480 3810 537 3865 PS.
553 3826 626 3867 eurr.
642 3827 673 3882 p.
775 3808 804 3868 5.
826 3808 986 3865 excolendo
1006 3810 1064 3867 ΡΒ.
1086 3825 1159 3865 coar.
1179 3824 1207 3883 p.
1307 3808 1388 3885 quin·

280 3896 384 3959 gantae
404 3887 559 3943 &manu
581 3884 618 3941 ad
634 3887 811 3944 (7666776666.
821 3890 923 3955 LXll,
933 3890 981 3943 28.
1060 3888 1087 3941 6.
1106 3885 1220 3941 exilium
1241 3906 1269 3962 p.
1292 3886 1390 3942 solium

280 3965 443 4019 Marmar.
508 3971 700 4037 sequerentur
720 3982 840 4038 quarum
862 3964 935 4020 lacte
956 3962 1043 4019 misso
1064 3964 1092 4018 in
1114 3962 1216 4019 soliurn
1238 3964 1388 4019 candorem

278 4041 408 4117 corporis
437 4042 611 4114 procurabat
639 4038 667 4098 la.
788 4044 818 4098 7.
845 4058 881 4096 66
907 4059 972 4095 narn
1001 4040 1137 4097 liniarum
1161 4036 1388 4113 Sulrrrrtzflaisala.

278 4118 327 4248 {ag
346 4136 378 4173 se
398 4118 457 4171 Ps.
478 4134 552 4175 corr.
574 4135 597 4173 6.
712 4116 762 4175 26.
784 4117 864 4173 cuius
885 4118 1061 4174 curationem
1076 4136 1099 4175 6.
1216 4118 1390 4196 cataplasma

328 4208 434 4249 ,cam
454 4210 478 4249 6.
