3025 4859
579 410 803 466 sur-mur.
1175 388 1250 467 281

225 581 275 647 67.
297 600 483 649 nrrourrre
496 602 633 647 cvrare.
655 577 707 649 hie
730 590 925 662 adsensus,
947 578 1022 671 quia
1042 597 1107 645 non
1127 576 1171 643 ita
1193 582 1255 666 poi

140 692 257 759 tuisset
277 689 416 761 scribere
437 687 598 783 Virgilius,
621 693 649 758 si
669 690 714 758 illi
736 690 912 758 defuissent
932 712 984 757 res
1006 686 1184 755 familiares.

227 803 277 870 72.
309 800 419 869 Luras
449 823 609 869 carvnuo.
646 798 818 869 Rubrenus
850 797 961 893 Lappa
993 799 1133 893 tragicus
1160 806 1257 891 poete

138 912 209 979 luit

227 1024 277 1091 73.
312 1046 476 1091 arduenna
502 1025 646 1091 Arnnvs.
683 1024 853 1091 fenerator.
890 1022 922 1091 id
946 1033 1008 1104 est,
1038 1023 1092 1114 qui
1118 1023 1291 1089 Atreums

141 1131 251 1200 scribit
271 1141 305 1199 et
325 1141 362 1199 ut
383 1142 529 1225 sumptus
550 1132 667 1201 habeat
686 1157 739 1201 res
762 1156 835 1201 suas
858 1135 982 1225 pignori
1005 1133 1066 1201 dat.
1195 1151 1253 1198 nr.-

140 1266 275 1312 veonvu
297 1242 439 1311 tabularu
462 1242 709 1328 calculatoriarn,
730 1244 892 1311 lusoriam.

225 1355 276 1420 74.
299 1377 362 1424 uou
383 1378 492 1423 unser
514 1376 644 1423 rureunr
666 1378 696 1422 u.
718 1357 834 1436 auimo,
856 1376 922 1423 non
939 1354 1156 1437 facultatibus;
1178 1374 1253 1419 nam

139 1464 231 1533 diues
253 1466 320 1533 luit

226 1576 277 1641 75.
300 1598 461 1652 erurrnn.
484 1576 651 1643 meretrici.
1264 1602 1293 1646 rs

226 1686 277 1752 77.
298 1710 437 1755 svurrv.
463 1686 606 1777 hyronia.
628 1684 680 1755 leo
702 1685 803 1755 leuius
825 1688 966 1778 pascitur
987 1708 1083 1778 quam
1106 1692 1209 1775 poeta.

226 1796 277 1861 78.
299 1820 438 1864 norrun.
462 1821 504 1865 ex
513 1797 728 1889 indignatione
738 1797 801 1865 hoe
814 1797 899 1879 dicit,
915 1800 986 1890 quia
1000 1796 1111 1864 leuiori
1123 1800 1254 1886 sumptu

139 1906 243 1994 possit
263 1915 410 1975 constare
432 1913 483 1974 lea
505 1930 601 1998 quam
624 1916 727 1998 poeta.
751 1907 824 1999 plus
846 1908 930 1975 enirn
953 1906 1109 1975 comedet.

225 2018 277 2085 79.
302 2040 491 2085 conrenrvs
507 2042 537 2084 r.
559 2018 631 2084 idea
653 2022 726 2111 quia
749 2017 842 2087 facile
866 2018 965 2085 otium
987 2018 1028 2086 ad
1050 2014 1253 2085 scribendum

140 2147 271 2194 carmen
292 2126 404 2195 habuit
426 2129 525 2197 diues.
1266 2150 1291 2195 u

223 2238 275 2306 80.
298 2261 485 2307 urnuoners
499 2263 542 2307 ar
555 2238 717 2309 Sanusne.
739 2241 868 2307 nomina
890 2246 964 2307 sunt
985 2246 1152 2329 poetarum
1175 2259 1254 2329 pau·

139 2370 263 2441 perum.
349 2372 392 2415 rr
415 2347 575 2418 Sennruo.
599 2373 657 2417 uas
679 2349 783 2429 fictile,
806 2351 837 2415 in
860 2372 924 2441 quo
948 2350 998 2417 At.
1022 2347 1179 2415 Serranus
1201 2369 1255 2415 so·

138 2458 227 2525 lebat
247 2458 448 2526 manducare.
548 2458 679 2529 Seuero.
708 2470 744 2527 ut
765 2460 922 2527 mendico.
1023 2456 1152 2527 catilum
1173 2456 1253 2525 licti-

138 2568 214 2651 lem‚
235 2572 268 2636 in
291 2592 355 2661 quo
378 2590 416 2636 ea
438 2592 521 2661 quae
543 2569 626 2637 salsa
648 2578 723 2637 eunt
744 2568 954 2662 adponuntur.

223 2682 275 2747 81.
299 2702 426 2748 suauis.
450 2682 518 2749 siue
540 2683 676 2774 pecunia
698 2679 799 2771 gloria
821 2681 897 2774 quid
918 2676 1073 2772 prodest?

223 2791 274 2857 82
298 2813 405 2859 susce.
429 2799 529 2883 grate.

225 2900 275 2966 83.
299 2898 494 2968 Tessuinus.
518 2925 633 2993 poema
657 2900 741 2969 Stati
764 2903 804 2969 de
826 2900 911 2971 bello
933 2899 1099 2969 Thebano.

223 3010 276 3077 83.
307 3014 533 3094 (enoursrravrr
556 3036 588 3080 n.
611 3019 655 3099 r.)
686 3036 807 3081 uersu.
839 3013 911 3079 ideo
934 3013 1007 3104 quia
1035 3010 1169 3079 libenter
1196 3036 1252 3081 au·

137 3120 255 3188 diebat
290 3129 339 3189 est
361 3124 444 3189 enim
466 3131 501 3188 et
522 3145 636 3214 poema
657 3124 750 3216 ipsud
774 3122 972 3205 delectabile,
995 3124 1117 3213 etipse
1140 3124 1253 3192 dicitur

135 3229 256 3299 bonam
279 3255 392 3299 uocem
413 3230 572 3302 habuisse.
1262 3268 1289 3308 2⁵

225 3343 278 3409 86.
301 3366 473 3409 suessanus
496 3368 527 3408 v.
552 3343 661 3411 fauore
682 3342 780 3409 nimio
803 3344 1006 3410 audientium.

225 3452 276 3519 87.
300 3476 427 3522 resurr.
449 3453 480 3521 id
503 3463 561 3536 est,
583 3462 657 3547 pust
680 3461 803 3519 tantum
825 3454 968 3520 lauorern
990 3454 1048 3521 nisi
1071 3458 1251 3525 cantionem

135 3734 167 3787 2.
190 3728 215 3784 si
235 3728 273 3785 de
293 3727 334 3785 illi
355 3729 478 3787 fuissent
497 3733 555 3789 ΡΒ.
571 3748 643 3788 corr.
659 3748 686 3788 a.
780 3733 807 3787 6.
832 3732 930 3787 scribit
950 3740 980 3786 ut
1000 3732 1057 3788 PS.
1146 3730 1253 3791 lrabeat

139 3814 237 3864 erres
258 3806 316 3863 ΡΒ.
426 3812 455 3866 7.
478 3810 644 3865 aleatorium
668 3812 820 3864 Burmann
840 3808 877 3863 ud
898 3806 977 3864 untls.
1000 3812 1068 3867 Lat.
1089 3814 1114 3868 l.
1136 3829 1164 3885 p.
1183 3814 1251 3869 5111.

139 3886 187 3943 14.
209 3882 334 3959 ideoque
353 3904 382 3960 p.
462 3890 508 3942 18.
528 3880 656 3942 ιποιηίιω
676 3882 771 3955 fuisse
790 3890 939 3959 poetarum
953 3886 1065 3943 Probas
1085 3893 1174 3961 putet
1195 3888 1252 3944 ulit

137 3958 311 4027 sarrianis,
342 3968 373 4018 ut
392 3962 466 4018 idem
486 3966 544 4029 att,
569 3970 597 4019 at
617 3962 709 4019 suine
728 3978 804 4018 arasa
825 3964 971 4037 accipiunt
990 3962 1103 4035 fictitia.
1123 3966 1250 4022 iuniores

137 4054 208 4095 uero
227 4036 321 4095 salino
341 4038 438 4113 tepent
458 4046 484 4095 u
499 4045 627 4097 sununs
649 4045 679 4095 ut
704 4054 756 4114 per
782 4056 837 4095 uua
863 4042 891 4095 in
917 4058 971 4115 que
997 4040 1045 4097 sul
1069 4044 1250 4115 componitur

159 4131 264 4189 unapars
283 4114 429 4173 uilissima
450 4110 663 4191 intelligamus?
687 4118 721 4173 V.
810 4120 854 4173 17.
877 4127 925 4173 aut
947 4118 1072 4174 Serrano
1093 4134 1122 4193 p.
1212 4118 1250 4175 ed

137 4134 282 4250 gerrensis
303 4194 334 4249 S.
356 4194 468 4249 Attilius
489 4194 630 4251 Serranus
650 4212 680 4270 p.
779 4197 825 4250 18.
848 4194 1011 4253 mendicare
1031 4212 1059 4269 p.
1157 4196 1204 4251 20.
1225 4196 1251 4252 si

138 4287 197 4327 non
219 4269 342 4349 pecunia
362 4274 397 4328 P.
426 4271 451 4327 si
470 4290 529 4328 non
549 4273 596 4343 sit,
614 4272 717 4347 iuquit,
736 4273 861 4348 pecunia
880 4288 910 4347 p.
