3025 4859
630 388 777 445 SATVRA
793 390 815 442 1.

162 585 238 655 spes
259 560 396 629 homini:
420 558 520 627 caulis
542 561 666 629 miseris
688 566 786 650 atque
807 558 889 651 ignis
912 554 1076 624 emendus.

165 676 287 765 optima
310 670 463 740 siluarum
483 673 605 739 interea
627 669 797 763 pelagique
818 667 943 734 uorabit

163 806 226 853 rex
247 782 379 863 horum,
403 784 576 874 uacuisque
599 783 677 850 toris
701 789 825 847 tantum
846 781 915 869 ipse
937 776 1060 845 iacebit.

160 916 238 963 nam
259 892 299 960 de
321 900 369 959 tot
390 891 530 984 pulchris
553 903 586 961 et
606 892 678 961 latis
702 890 833 957 orbibus
855 896 888 954 ct
910 895 978 953 tam

162 1004 302 1095 antiquis
323 1026 386 1071 una
408 1005 580 1073 comedunt
602 1004 793 1096 patrimonia
816 1022 937 1067 mensa.

161 1114 270 1183 nullus
291 1114 356 1181 iam
377 1116 533 1206 parasitus
556 1117 622 1182 erit.
657 1114 714 1181 sed
737 1113 808 1210 quis
830 1112 914 1178 ferat
935 1109 1013 1175 istas

163 1226 313 1295 luxuriae
335 1223 467 1323 sordes?
490 1235 605 1318 quanta
630 1234 678 1293 est
700 1222 790 1315 gula,
814 1243 896 1315 quae
919 1217 978 1285 sibi
1000 1225 1085 1286 totos

167 1340 260 1432 pouit
282 1358 392 1429 apros,
415 1336 532 1404 animal
553 1345 684 1428 propter
707 1334 854 1402 conuiuia
875 1327 1000 1401 natum!

168 1472 275 1542 poena
297 1456 404 1514 tamen
425 1468 594 1538 praesens,
616 1470 690 1513 cum
712 1452 745 1513 tu
770 1445 903 1535 deponis
924 1442 1059 1509 amictus

171 1560 317 1652 turgidus
340 1566 373 1625 et
395 1558 529 1625 crudum
551 1580 710 1649 pauonem
731 1556 765 1622 in
786 1552 900 1620 balnea
922 1560 1039 1643 portas.

168 1668 244 1737 hiric
267 1666 393 1735 subitae
415 1676 536 1736 mortes
559 1668 663 1759 adque
685 1668 833 1734 intestata
856 1673 1019 1743 senectus,

171 1788 205 1847 et
227 1802 311 1847 noua
334 1802 394 1846 nec
416 1779 513 1845 tristis
535 1801 593 1871 per
616 1786 747 1845 cunctas
770 1774 878 1843 fabula
899 1798 1012 1857 cenas,

171 1890 300 1959 ducitur
321 1890 408 1956 iratis
430 1889 646 1981 plaudendum
668 1889 762 1955 funus
785 1888 903 1953 amicis.

253 1998 309 2067 Nil
331 2001 391 2067 erit
414 1999 561 2082 ulterius,
585 1997 669 2092 quod
691 2000 807 2065 nostris
829 1996 971 2065 moribus
992 1999 1088 2066 addat

167 2112 353 2206 posteritas;
376 2112 491 2179 eadem
514 2111 631 2177 facient
653 2111 846 2201 cupientque
868 2111 1021 2190 minores,

172 2246 268 2291 omne
289 2222 321 2289 in
343 2222 507 2313 praecipiti
528 2223 641 2288 uitium
664 2222 763 2301 stetit,
785 2228 876 2287 utere
898 2219 993 2299 uelis,

171 2342 256 2401 totos
279 2331 382 2425 pande
405 2334 500 2399 sinus.
546 2332 632 2399 dicas
654 2330 705 2398 hic
727 2332 859 2397 forsitan
876 2326 987 2399 “uude

168 2445 332 2537 ingenium
353 2464 411 2534 par
432 2441 608 2511 materiae?
638 2444 723 2511 unde
745 2440 799 2507 illa
820 2444 962 2533 priorum

170 2553 343 2635 scribendi,
367 2552 595 2645 quodcumque
618 2555 723 2621 auimo
746 2554 903 2644 flagrante
924 2552 1066 2635 liberet,-

172 2664 358 2757 simplicitas
375 2658 480 2732 ‘cuius
503 2687 567 2731 non
590 2664 693 2731 audeo
717 2664 823 2731 dicere
844 2662 985 2730 nornen‘.>

173 2775 249 2869 quid
271 2776 368 2843 refert
390 2774 481 2842 dictis
503 2775 649 2867 ignoscat
671 2774 796 2842 lllucius
820 2798 859 2842 an
881 2771 982 2844 nou?'

172 2909 257 2980 pone
279 2884 487 2978 Tigellinum,
509 2886 602 2953 taeda
625 2884 746 2953 lucebis
769 2889 801 2952 iu
822 2885 891 2967 illa,

172 3022 235 3092 qua
257 3004 375 3065 stantes
399 2996 521 3077 ardent,
543 2999 598 3089 qui
619 2996 682 3063 lixo
706 3006 837 3089 pectore
861 2999 998 3082 fumant,

171 3117 203 3177 et
224 3108 325 3176 latum
349 3108 452 3175 media
475 3106 600 3175 sulcum
624 3108 755 3175 deducis
776 3104 925 3174 harena.'’

173 3288 240 3344 139.
262 3282 331 3342 edit.
353 3294 382 3343 et
400 3284 464 3360 quis
477 3282 630 3342 Maecilius
644 3282 681 3341 nd
692 3288 795 3342 Horat.
811 3292 868 3343 aot.
882 3288 924 3354 11,
936 3288 963 3353 8,
974 3288 1021 3342 30.
1119 3284 1196 3343 ferat
1214 3289 1280 3343 Ρωε

173 3360 250 3419 feret
269 3378 296 3429 ς.
414 3362 480 3419 141.
502 3360 609 3418 animal
624 3392 661 3403 -
679 3370 777 3419 natum
801 3362 889 3420 schol.
910 3364 993 3438 (ἕως.
1012 3360 1050 3418 od
1068 3366 1173 3420 Horat.
1191 3382 1280 3421 com.

172 3442 200 3507 1,
211 3442 257 3506 27,
269 3442 295 3496 1.
374 3440 441 3497 143.
462 3436 576 3495 Plroeoe
596 3444 651 3495 ott.
665 3442 747 3508 tut
767 3459 796 3517 p.
809 3443 893 3498 1706.
920 3438 1016 3496 Soloi.
1027 3441 1109 3497 Pers.
1119 3443 1181 3514 trt,
1193 3444 1240 3499 98.

173 3514 293 3572 crudum
313 3515 496 3592 panltocoa:
517 3514 621 3571 crudus
638 3519 672 3573 P.
754 3520 820 3576 145.
842 3526 872 3574 et
892 3514 1016 3590 Potdeq:
1036 3518 1058 3573 it
1076 3534 1131 3592 pw.
1211 3536 1279 3577 cae·

172 3610 227 3649 uas
247 3594 280 3649 P.
378 3596 445 3651 148.
466 3591 575 3649 facient
594 3593 767 3671 cupientque
787 3598 844 3662 Ρς.Ι
865 3594 982 3670 cupient
1001 3593 1167 3669 facientque
1187 3613 1221 3651 ω.

174 3672 239 3727 150.
261 3670 342 3727 dicas
361 3688 422 3747 pru:
449 3668 523 3725 dius
543 3672 577 3725 P.
682 3676 747 3730 151.
768 3671 905 3728 materiae
925 3679 969 3727 est
989 3686 1015 3738 ς.
1119 3676 1185 3730 153.
1204 3690 1281 3731 nunc

177 3748 361 3822 Grouqneus.
436 3746 544 3804 audent
567 3748 723 3805 Graculus.
814 3750 879 3806 155.
899 3747 1006 3804 lucebit
1021 3746 1092 3823 depe
1110 3752 1281 3808 Grououtua

174 3822 213 3880 cd
232 3825 328 3883 Sanco.
351 3822 383 3881 do
402 3828 449 3882 tro
467 3825 528 3893 111,
542 3827 570 3881 3.
650 3828 715 3883 156.
738 3844 794 3901 qua
815 3835 893 3882 stans
913 3824 1042 3894 exardet,
1063 3826 1169 3901 qui-
1189 3826 1282 3884 fumat

174 3908 204 3957 et
224 3900 281 3958 late
302 3934 340 3944 -
360 3900 477 3958 deducit
499 3898 593 3961 Didot.
673 3912 792 3979 pectore
809 3906 849 3959 P:
870 3910 982 3977 gutture
1002 3921 1057 3979 pro.
1138 3921 1195 3977 qua
1217 3904 1281 3977 (uel

174 3974 217 4053 et)
233 3976 289 4034 lixo
301 3975 608 4055 uetustatem.
621 3982 677 4037 197
687 3997 727 4037 ss.
806 3978 899 4035 fumat
915 3982 998 4036 Voss.
1011 3978 1049 4036 orl
1062 3978 1168 4036 (latuit.
1180 3998 1207 4055 p.
1216 3980 1264 4038 42.

175 4058 241 4112 157.
265 4054 385 4113 deducis
404 4072 423 4122 ς
442 4055 550 4113 Gesner
566 4056 603 4113 od
617 4056 692 4113 Plio.
704 4059 910 4134 pnuoq.33‚3:
936 4056 1054 4113 deduci«
1074 4059 1108 4123 P,
1134 4056 1243 4113 diducit
1263 4073 1281 4124 ς

174 4134 316 4189 flauente
328 4131 365 4189 cd
375 4130 463 4190 coto.
479 4140 544 4191 uret.
556 4136 706 4203 1111‚375,
723 4134 849 4191 deducet
862 4148 889 4199 ς.
911 4143 940 4191 ct
956 4132 1030 4190 latus
1046 4133 1170 4190 mediam
1183 4134 1280 4191 sulcus

175 4207 286 4265 diducit
305 4226 421 4267 arenam
441 4210 564 4284 Lipsius
583 4210 621 4267 ud
632 4212 726 4268 Seruo.
744 4211 778 4269 de
791 4205 938 4278 ieelim
959 4209 1091 4284 Scotiqer
1110 4209 1147 4268 od
1159 4212 1279 4269 sueton.

173 4286 243 4345 Ner.
254 4288 306 4357 16,
328 4283 429 4345 Esset.
440 4305 470 4365 p.
483 4290 555 4358 181,
575 4286 610 4344 cla
624 4304 675 4345 em.
687 4294 791 4365 tempp.
804 4306 834 4365 p.
845 4288 900 4347 441
922 4290 1035 4345 Fertor.
1047 4285 1138 4345 otuu.
1150 4290 1231 4358 tm,
1251 4295 1282 4345 et
