3025 4859
256 228 306 302 56
628 239 663 292 o.
682 239 770 294 rvrm
788 238 982 294 rvvnmnrs

345 406 484 501 Imperat
505 429 583 498 ergo
606 407 691 489 uiro,
715 416 766 475 set
785 430 863 474 mox
884 407 965 476 haec
987 429 1087 499 regna
1108 405 1257 502 relinquit

257 528 481 615 permutatque
502 518 616 586 domos
638 527 671 584 et
692 519 839 585 flammea
861 520 1009 600 conterit,
1031 517 1105 586 inde
1298 529 1361 588 225

258 630 367 699 auolat
389 638 421 696 et
441 632 540 722 spreti
559 630 675 720 repetit
697 630 833 720 uestigia
853 628 936 698 lecti.

258 750 384 809 ornatas
406 739 502 830 paulo
524 748 598 806 ante
620 741 720 820 fores,
742 740 911 831 pendentia
933 739 1046 832 linquit

256 853 330 922 uela
352 852 467 918 domus
489 858 521 915 et
542 849 647 917 adhuc
669 851 785 918 uirides
806 853 839 918 in
861 850 968 917 limine
990 871 1104 916 ramos.

257 964 303 1029 sic
326 962 442 1029 crescit
462 982 630 1039 numerus,
653 959 698 1026 sic
720 959 799 1026 fiunt
821 969 894 1028 octo
918 961 1019 1026 mariti

257 1073 397 1165 quinque
419 1092 477 1161 per
496 1079 680 1150 autumnos,
703 1069 794 1137 titulo
816 1093 868 1137 res
890 1070 984 1162 digna
1007 1070 1175 1162 sepulchri.

341 1178 551 1271 Desperanda
574 1178 628 1246 tibi
651 1179 741 1247 salua
764 1181 933 1248 concordia
955 1203 1058 1250 socru.

257 1290 311 1357 illa
332 1291 428 1358 docet
450 1287 557 1378 spoliis
578 1289 656 1356 nudi
677 1290 820 1382 gaudere
842 1293 958 1371 man'ti,

256 1399 310 1467 illa
333 1400 428 1467 docet
450 1401 552 1466 missis
574 1422 593 1466 a
615 1411 802 1492 corruptore
824 1400 948 1468 tabellis

255 1509 300 1578 nil
320 1510 399 1578 rude
420 1533 482 1577 nec
501 1508 638 1600 simplex
659 1509 850 1592 rescribere,
875 1511 992 1603 decipit
1011 1512 1065 1580 illa

257 1621 407 1688 custodes
430 1630 485 1688 aut
507 1643 581 1687 aere
604 1620 719 1686 domat.
755 1629 833 1688 tunc
856 1643 991 1712 corpore
1013 1645 1090 1690 sano

256 1730 395 1797 aduocat
415 1730 616 1822 Archigenen
639 1750 839 1821 onerosaque
861 1731 955 1824 pallia
975 1734 1086 1815 iactat3

257 1840 383 1908 abditus
404 1842 524 1907 interea
544 1839 624 1906 latet
645 1849 678 1906 et
699 1849 844 1908 secretus
867 1841 1005 1923 adulter,

257 1952 475 2042 inpatiensque
497 1973 607 2017 morae
628 1958 727 2042 pauet
749 1960 781 2017 et
803 1954 968 2044 praeputia
990 1952 1086 2019 ducit.

258 2061 379 2129 scilicet
401 2070 569 2152 exspectas
592 2069 627 2127 ut
648 2060 751 2127 tradat
772 2070 875 2129 mater
896 2061 1048 2129 honestos

257 2172 362 2262 adque
384 2169 462 2237 alios
483 2193 590 2238 mores
613 2195 710 2263 quam
732 2193 814 2263 quos
836 2169 954 2238 habet?
982 2170 1058 2238 utile
1080 2191 1177 2263 porro
1299 2175 1364 2238 240

257 2280 386 2348 filiolam
408 2284 490 2372 turpi
513 2281 641 2348 uetulae
663 2281 842 2373 producere
867 2291 1002 2374 turpem.

341 2390 439 2459 Nulla
461 2392 527 2458 fere
550 2414 647 2458 causa
670 2400 732 2472 est,
753 2393 786 2459 in
808 2414 872 2482 qua
894 2413 958 2460 non
981 2390 1097 2457 femina
1118 2388 1207 2456 litem

258 2503 402 2570 mouerit
431 2511 561 2568 accusat
582 2500 724 2581 Maniba,
746 2502 774 2566 si
795 2523 849 2569 rea
871 2523 937 2568 non
960 2509 1017 2568 est.

258 2621 443 2706 conponunt
464 2613 553 2703 ipsae
575 2634 632 2702 per
655 2635 690 2678 se
711 2612 913 2702 formantque
936 2609 1069 2691 libellos,

257 2725 447 2816 principium
469 2722 574 2813 adque
595 2720 685 2787 locos
708 2719 806 2787 Celso
830 2720 949 2788 dictare
971 2728 1110 2811 paratae.

343 2831 552 2898 Endromidas
576 2829 690 2919 Tyrias
713 2839 745 2896 et
767 2831 941 2897 femineum
963 2853 1092 2898 ceroma

258 2945 328 3036 quis
350 2938 474 3008 nescit?
503 2939 556 3006 uel
580 2941 649 3031 quis
671 2963 736 3007 non
759 2940 838 3007 uidit
858 2939 990 3008 uulnera
1012 2937 1099 3032 pali?

258 3075 355 3146 quem
378 3058 472 3119 cauat
493 3049 632 3116 adsiduis
654 3049 785 3116 sudibus
808 3060 964 3144 scutoque
985 3049 1127 3130 lacessit,

257 3293 325 3352 225.
346 3289 547 3370 permultaque
561 3292 599 3357 S,
618 3296 833 3367 pennu-tatque
847 3292 881 3346 P.
966 3287 1098 3346 flammea
1112 3291 1175 3346 Sor:
1194 3289 1365 3357 flameaPs‘.

256 3373 324 3428 226.
345 3367 443 3424 auolat
463 3371 527 3423 Pro:
553 3365 651 3423 auolet
669 3363 694 3436 f,
714 3365 834 3422 aduolat
854 3380 881 3432 ς.
973 3366 1080 3442 spraett
1097 3370 1131 3423 P.
1218 3373 1287 3442 post
1306 3370 1367 3424 230

257 3449 290 3503 tn
308 3443 369 3502 cod.
383 3441 615 3518 Nortmberpeaet
632 3446 650 3500 3
666 3444 847 3498 inseruntur:
868 3445 892 3500 si
913 3442 1014 3501 fierent
1035 3445 1152 3500 comites
1173 3444 1256 3500 citius
1278 3461 1365 3518 quam

256 3524 379 3579 nuberet
399 3539 479 3576 uxor.
593 3523 647 3577 231
666 3520 810 3574 Prtsotom
825 3521 876 3587 Vr,
888 3525 915 3589 8,
926 3523 963 3578 43
979 3538 1007 3595 p.
1019 3523 1085 3578 697.
1205 3524 1272 3580 237.
1294 3520 1367 3578 latet

258 3607 288 3655 et
308 3607 436 3654 secretus
456 3615 515 3670 pm:
541 3596 611 3652 latet
631 3604 759 3652 secretus
781 3598 816 3666 P,
838 3595 908 3656 latet
928 3609 956 3656 et
977 3615 1092 3653 securus
1114 3612 1146 3664 ς,
1172 3597 1243 3654 latet
1263 3615 1364 3654 accer-

258 3675 329 3730 situs
350 3672 512 3743 Morabal-l,
534 3673 688 3730 arcessitus
709 3673 885 3731 Heaotatats.
981 3676 1048 3731 238.
1068 3664 1135 3730 ‘llic
1154 3673 1313 3730 uersiculos
1334 3673 1365 3728 in

258 3751 429 3826 quibusdam
450 3748 536 3805 codd.
557 3767 614 3805 non
635 3758 693 3814 est,
714 3748 806 3823 inquit
825 3745 954 3809 Probus.³
981 3747 1077 3807 Vallo.
1172 3769 1252 3807 mora
1272 3751 1304 3807 S.

256 3836 346 3904 pauet
362 3822 426 3894 ωΣ,
446 3828 485 3881 Ν.
498 3828 638 3882 Heinsius
651 3823 689 3883 od
700 3824 756 3880 stt.
768 3823 842 3883 irat·
852 3831 935 3900 XVI,
946 3831 1012 3886 432.
1033 3823 1121 3883 odori.
1132 3829 1238 3895 ΙΗΙ,4
1251 3845 1280 3902 p.
1292 3829 1365 3886 591:

256 3902 349 3980 pallet
363 3901 388 3974 f,
409 3902 538 3968 siterpg.
617 3901 696 3956 ducit
707 3904 773 3956 Pur:
794 3899 878 3962 discit
896 3905 993 3981 pcdpg.
1021 3925 1022 3929 ¹
1072 3907 1139 3962 239.
1161 3914 1312 3981 exspectes
1327 3918 1355 3970 ς.

257 3984 325 4036 240.
342 3989 390 4035 aut
402 3979 474 4035 alios
486 3976 547 4049 ssis·
606 3981 674 4036 247.
690 3977 738 4034 uel
750 3979 879 4052 quispe:
896 3993 945 4038 aut
958 3981 1021 4057 quis
1033 3999 1069 4037 ω.
1125 3981 1192 4038 248.
1208 3981 1327 4037 sudibus
1339 3998 1366 4038 ω

256 4054 408 4113 Pithoeus:
428 4055 545 4112 rudibus
557 4059 592 4124 P,
612 4054 733 4110 cudibus
752 4071 783 4130 p,
803 4059 922 4116 rudibus
933 4057 952 4131 f
964 4059 1088 4134 Ltpotus
1095 4050 1160 4115 iotl.
1175 4061 1260 4116 Rom.
1275 4059 1308 4130 V,
1319 4056 1366 4116 14.
