3025 4859
255 329 332 405 158
630 342 664 394 o.
683 341 771 393 rvmr
790 337 985 391 rvvaunnrs

255 533 329 578 oum
352 510 393 576 sit
414 528 509 575 causa
531 506 607 574 mali
629 510 705 574 tanti
729 516 762 574 et
783 504 969 573 discriminis
991 502 1083 571 haim

255 623 419 689 concisum
442 627 608 711 argentum
629 621 661 685 in
682 616 791 684 titulos
814 618 974 707 [aciesque
996 615 1142 681 minutas.

255 738 428 800 occurrunt
449 728 550 796 nubes
573 739 605 797 et
626 728 761 821 fulgura,
778 722 918 793 “soluite
940 719 1085 792 funem!'’

254 842 404 910 frumenti
426 841 574 907 dominus
595 838 711 907 clamat
733 839 892 929 piperisue
914 836 1053 926 coempti

250 948 321 1019 “nil
343 950 432 1019 color
453 950 505 1019 bic
526 950 616 1032 caeli,
637 949 681 1016 nil
702 950 800 1017 lascia
821 950 912 1039 nigra
934 946 1078 1023 minatur,

255 1064 412 1131 aestiuum
434 1057 553 1128 tonat.''
586 1060 697 1128 infelix
718 1060 778 1127 hac
802 1060 931 1125 forsitan
952 1059 1020 1147 ipsa

255 1184 351 1242 nocte
373 1172 457 1239 cadit
479 1171 585 1239 fractis
608 1171 757 1251 trabibus,
780 1170 942 1259 fluctuque
964 1173 1125 1258 premetur

256 1285 389 1352 obrutus
411 1292 444 1349 et
465 1304 577 1348 zonam
599 1281 691 1349 laeua
715 1302 887 1371 morsuque
909 1276 1036 1345 tenebit.

255 1397 313 1465 sed
335 1396 424 1463 cuius
446 1394 530 1460 uotis
553 1392 648 1460 modo
671 1414 734 1459 non
756 1392 926 1457 sullecerat
944 1412 1066 1468 aurum,

257 1507 342 1599 quod
364 1504 473 1596 Tagus
496 1512 528 1570 et
550 1503 643 1570 rutila
665 1500 766 1568 uoluit
788 1499 938 1567 Pactolus
960 1497 1087 1578 harena,

256 1618 369 1710 frigida
391 1613 548 1681 sufficient
569 1611 702 1679 uelantis
724 1612 852 1703 inguina
875 1612 969 1702 panni

257 1730 457 1820 exiguusque
480 1722 578 1804 cibus,
600 1746 706 1789 mersa
727 1731 796 1789 rate
818 1724 990 1813 naufragus
1006 1742 1111 1787 assem

257 1840 333 1908 dum
356 1844 447 1928 rogat
469 1844 501 1901 et
524 1837 607 1927 pieta
629 1856 665 1901 se
686 1841 876 1924 tempestate
898 1841 1013 1901 tuetur.

342 1946 453 2014 Tantis
475 1955 564 2036 parta
587 1945 678 2011 malis
700 1968 776 2013 cura
797 1946 917 2011 maiore
939 1952 1090 2035 metuque

257 2066 432 2126 seruantur.
455 2058 570 2123 misera
594 2056 771 2147 estmagni
795 2054 936 2123 custodia
959 2078 1083 2122 census.

259 2168 419 2259 dispositis
441 2164 607 2259 praediues
629 2166 708 2232 amis
730 2165 863 2257 uigilare
886 2164 1052 2232 cohortem

254 2302 425 2347 seruorum
446 2284 545 2345 noctu
565 2274 693 2343 Licinus
716 2273 813 2356 iubet,
836 2276 987 2342 attonitus
1009 2298 1066 2368 pro

258 2390 377 2458 electro
400 2390 561 2481 signisque
583 2388 648 2455 suis
670 2385 872 2478 Phrygiaque
895 2384 1043 2454 columna

259 2500 365 2592 adque
387 2499 484 2568 ebore
508 2508 540 2566 et
561 2497 625 2565 lata
646 2496 813 2564 testudine.
850 2495 933 2564 dolia
955 2496 1030 2563 nudi

258 2635 324 2681 non
346 2612 458 2679 ardent
480 2610 598 2699 cynici,
620 2609 647 2675 si
667 2608 810 2700 fregeris,
832 2607 931 2674 altera
953 2606 1007 2674 liet

259 2745 331 2789 cras
354 2722 476 2802 domus,
500 2723 604 2813 adque
626 2719 739 2787 eadem
760 2715 892 2809 plumbo
916 2718 1085 2785 commissa
1107 2718 1254 2788 manebit.
1304 2725 1367 2787 310

258 2833 357 2900 sensit
379 2831 570 2913 Alexander,
591 2839 673 2899 testa
695 2853 770 2897 cum
792 2829 870 2895 uidit
890 2828 922 2896 in
944 2827 998 2897 illa

256 2965 409 3035 magnum
429 2941 649 3011 habitatorem.
673 2948 791 3033 quanto
812 2938 934 3009 lelicior
954 2939 1015 3022 hic,
1038 2944 1092 3033 qui

256 3053 302 3123 nil
323 3063 464 3146 cuperet,
486 3076 581 3146 quam
603 3053 658 3143 qui
679 3060 783 3118 totum
805 3050 864 3117 sibi
885 3058 1033 3141 posceret
1054 3050 1175 3135 orbem,

255 3188 408 3258 passurus
429 3166 528 3258 gestis
549 3161 713 3255 aequanda
734 3160 875 3252 pericula
898 3162 1002 3231 rebus.

256 3275 377 3343 nullum
399 3298 518 3343 numen
539 3273 648 3354 habes,
670 3272 697 3339 si
718 3272 759 3339 sit
779 3272 961 3363 prudentia3
984 3296 1043 3342 nos
1065 3282 1105 3357 te,
1301 3285 1363 3344 315

256 3409 315 3455 nos
337 3388 480 3467 facimus,
502 3384 651 3465 Fortuna,
674 3384 776 3451 deam.
810 3407 958 3452 mensura
980 3392 1086 3454 tamen
1109 3408 1192 3479 quae

257 3496 392 3564 sulliciat
413 3519 538 3576 census,
560 3496 587 3563 si
609 3496 680 3588 quis
700 3518 754 3563 me
776 3493 930 3576 considat,
952 3495 1056 3563 edam.

256 3725 324 3781 293.
345 3723 492 3855 piperisue
511 3722 617 3800 osope:
637 3724 806 3801 piperisque
826 3741 861 3779 ro.
1077 3732 1226 3803 eoernptor
1244 3739 1287 3791 ος.

256 3879 324 3935 297.
344 3876 411 3935 leue
430 3882 465 3937 P.
563 3896 697 3934 morsuue
716 3876 865 3934 Heinriob.
972 3880 1039 3933 300.
1061 3876 1183 3934 uelautis
1203 3881 1242 3934 P:
1262 3877 1365 3935 uelan-

255 3962 300 4010 tes
320 3972 356 4011 ω.
434 3960 485 4013 301
500 3974 544 4031 ep.
565 3954 869 4029 naufragae-metm
887 3950 974 4009 solsol.
985 3956 1057 4011 1111.
1068 3970 1091 4011 o.
1102 3957 1130 4027 1,
1141 3958 1168 4023 5,
1180 3960 1226 4013 13.
1241 3960 1365 4031 111120.

257 4032 325 4088 305.
336 4032 409 4088 amis
420 4035 459 4089 P:
479 4032 571 4089 barnis
580 4050 611 4106 p.
675 4035 742 4089 307.
753 4029 933 4106 pbyrgiaque
944 4031 1002 4086 PS.
1066 4032 1134 4089 310.
1146 4031 1242 4107 adque
1253 4030 1367 4103 Panse:

256 4116 308 4167 1111
327 4126 352 4165 ω
372 4110 497 4186 Lipsius
506 4110 605 4184 epistt.
617 4114 743 4183 11111111.
752 4110 832 4177 1111,
845 4111 894 4166 25.
954 4108 1020 4166 315.
1041 4106 1131 4167 babeo
1151 4112 1216 4166 Para
1236 4110 1366 4176 111111ς.

256 4202 311 4241 nos
332 4193 360 4243 te
379 4188 421 4245 P.-
440 4184 495 4244 sed
514 4197 543 4243 te
563 4182 654 4259 111111,
674 4182 728 4243 sed
746 4202 801 4240 nos
821 4182 900 4259 bopc.
1011 4186 1079 4243 316.
1099 4192 1128 4244 te
1147 4185 1268 4245 facimus
1288 4184 1367 4262 bepc.

355 3804 478 3869 111Ρς1
498 3820 533 3859 ac
550 3800 596 3870 be,
614 3810 645 3857 11
664 3816 745 3875 capg,
766 3818 803 3855 an
822 3798 865 3870 [ς.
961 3802 1028 3857 296.
1050 3798 1127 3856 cadit
1146 3804 1205 3869 Ρςε
1225 3800 1311 3859 cedet
1329 3818 1366 3858 ω.
