3025 4859
270 339 346 412 152
646 353 681 404 n.
700 351 789 406 rvun
808 349 1001 404 rvvnmurs

268 523 425 614 signatam
447 519 500 587 uel
522 519 649 586 dimidio
673 521 821 611 putrique
844 517 951 598 siluro,

268 632 384 724 filoque
405 633 518 699 sectiui
538 638 705 698 numerata
725 629 888 697 includere
911 631 1010 720 porri:

267 745 418 810 inuitatus
438 742 478 808 od
499 740 578 809 haec
600 740 712 832 aliquis
734 741 774 807 de
796 749 893 832 ponte
915 739 1051 832 negabit.

269 855 325 922 sed
349 876 412 945 quo
436 852 558 918 diuitias
579 851 660 919 haec
682 875 739 942 per
761 860 917 919 tormenta
941 860 1077 934 coactos,
1317 862 1382 920 135

270 988 344 1032 cum
365 967 454 1030 furor
476 962 553 1029 haut
573 963 695 1043 dubius,
718 986 791 1030 curn
814 963 855 1029 sit
877 963 1042 1029 manifesto
1064 963 1236 1054 phrenesis,

269 1085 307 1144 ut
327 1074 471 1167 locuples
495 1076 648 1154 morioris,
671 1075 793 1165 egentis
814 1074 925 1140 uiuere
948 1070 1036 1140 leto?

269 1189 393 1254 intereo
414 1185 512 1277 pleno
536 1207 610 1252 cum
633 1194 740 1276 turget
761 1183 908 1251 sacculus
931 1206 996 1263 ore,

270 1298 386 1364 crescit
407 1319 497 1362 arnor
518 1297 649 1375 nummi,
672 1303 826 1386 quantum
846 1296 915 1384 ipsa
937 1296 1071 1384 pecunia
1095 1296 1203 1379 creuit,

271 1417 304 1475 et
325 1409 428 1474 minus
450 1407 533 1474 hanc
555 1414 643 1497 optat
663 1409 717 1496 qui
738 1428 801 1472 non
823 1404 927 1472 habet.
963 1429 1039 1498 ergo
1062 1415 1190 1498 paratur
1318 1415 1382 1476 140

273 1517 371 1584 altera
394 1517 469 1584 uilla
491 1517 556 1598 tibi,
579 1540 653 1585 cum
675 1539 729 1584 rus
751 1539 816 1584 nou
838 1515 954 1583 sufficit
975 1540 1083 1598 unum,

272 1639 304 1695 et
325 1631 469 1721 prolerre
491 1627 568 1695 libet
589 1627 675 1708 lines,
698 1628 862 1717 maiorque
885 1628 1010 1694 uidetur

272 1747 304 1805 et
326 1739 438 1806 melior
460 1741 564 1807 uicina
586 1761 694 1830 seges:
716 1739 867 1806 mercaris
891 1748 923 1806 et
944 1737 1026 1806 hunc
1050 1749 1082 1806 et

271 1849 401 1916 arbusta
424 1860 456 1918 et
478 1851 576 1917 densa
598 1859 741 1916 montem
764 1852 818 1940 qui
840 1859 933 1918 canet
954 1849 1046 1918 oliuo.

273 1983 409 2052 quorum
433 1963 460 2027 si
480 1962 582 2052 pretio
605 1961 752 2028 dominus
775 1983 839 2028 non
861 1962 996 2028 uincitur
1020 1959 1095 2043 ullo,
1320 1971 1383 2031 145

272 2080 368 2138 nocte
390 2071 491 2138 boues
513 2072 612 2139 macri
632 2070 782 2161 lassoque
804 2071 949 2140 fernelica
971 2071 1055 2140 collo

272 2183 413 2248 iumenta
435 2183 474 2249 ad
497 2183 614 2250 uirides
634 2180 728 2248 huius
750 2183 911 2249 mittentur
933 2183 1053 2264 oristas,

274 2315 334 2359 nec
356 2294 444 2385 prins
464 2293 538 2359 inde
561 2292 692 2358 domum
714 2316 810 2383 quam
833 2302 899 2360 tota
921 2293 1047 2360 nonalia
1070 2317 1185 2364 saeuos

272 2405 305 2470 in
328 2413 456 2471 uentres
478 2402 601 2482 abeant,
624 2411 660 2469 ut
681 2404 793 2471 eredas
815 2402 948 2472 falcibus
972 2413 1087 2472 actum.

274 2516 380 2582 dicere
401 2517 457 2582 uix
479 2516 583 2605 possis
604 2536 700 2604 quam
723 2514 814 2581 multi
837 2515 910 2583 tolia
932 2513 1057 2608 plorent

274 2634 306 2693 et
328 2635 407 2717 quot
429 2624 558 2694 uenales
579 2625 690 2691 iniuria
713 2626 824 2692 lecerit
840 2649 949 2718 egros.

274 2737 331 2803 sed
354 2738 407 2828 qui
429 2759 602 2817 sermones,
624 2761 720 2826 quum
742 2738 836 2806 foede
860 2739 973 2807 bucina
995 2739 1112 2808 lemae!

269 2843 371 2938 “quid
392 2856 488 2914 nocet
508 2843 634 2913 haec‘?”
659 2851 760 2939 inquit
777 2845 942 2917 “tunicam
964 2849 1041 2918 mihi
1063 2851 1146 2920 melo
1169 2853 1276 2948 lupini,

273 2982 369 3051 quom
392 2959 418 3023 si
440 2980 491 3023 me
513 2966 581 3024 toto
604 2957 712 3027 laudet
733 2963 847 3028 uicinia
870 2985 953 3053 pago

273 3070 380 3162 exigui
401 3069 483 3135 ruris
504 3069 693 3158 paucissima
715 3071 798 3136 farra
822 3069 1012 3139 secantem.''
1323 3095 1384 3152 155

273 3179 395 3246 scilicet
417 3187 449 3245 et
470 3177 589 3245 morbis
612 3188 644 3246 et
667 3179 826 3248 debilitate
849 3183 981 3264 carebis,

274 3299 307 3357 ot
328 3290 450 3358 luctum
474 3298 506 3357 et
528 3313 636 3358 curam
660 3291 800 3384 effugies,
824 3303 857 3359 et
878 3303 1023 3388 tempora
1045 3299 1129 3366 uitae

273 3583 339 3642 134.
361 3586 478 3660 negabit
498 3602 539 3643 co:
559 3587 677 3661 negauit
696 3588 753 3644 PS.
847 3591 913 3648 135.
935 3589 1012 3666 quod
1033 3590 1080 3664 Sf.
1179 3601 1244 3656 136.
1266 3607 1315 3656 aut
1333 3599 1384 3673 pf.

272 3660 396 3718 foeneris
416 3666 470 3728 Ρς.
550 3666 614 3720 137.
636 3665 747 3721 eventis
768 3664 840 3739 ΡῙςε
861 3669 957 3742 egenti
977 3686 1012 3726 ω.
1111 3675 1176 3732 139.
1200 3677 1290 3733 creuit
1311 3677 1384 3750 Pfgr

274 3739 376 3794 crescit
394 3757 450 3814 pto.
530 3742 596 3797 141.
617 3760 649 3796 sn
676 3742 733 3796 ucit
753 3745 787 3800 P.
877 3747 942 3804 145.
964 3748 1076 3822 praetio
1096 3747 1227 3809 dominus
1248 3756 1307 3821 Ρς.·
1327 3755 1385 3811 do·

271 3816 365 3871 minus
385 3816 478 3892 pretio
499 3833 534 3872 ω.
614 3820 680 3876 147.
701 3820 848 3878 mittentur
868 3826 926 3888 P;=
946 3824 1096 3881 mittuntur
1115 3845 1150 3895 ω,
1170 3829 1317 3887 mittantur
1335 3831 1383 3899 ἀς.

273 3894 338 3951 1411.
361 3895 467 3950 abeant
486 3895 544 3966 Py:
563 3893 689 3951 habeant
708 3913 743 3952 ω.
836 3903 900 3958 151.
924 3910 993 3976 quot
1011 3920 1072 3977 put.-
1092 3904 1169 3979 quod
1190 3909 1244 3974 Po,
1265 3925 1337 3982 quos
1358 3908 1382 3980 1.

274 3975 340 4028 152.
362 3971 410 4046 qui
429 3987 491 4046 pto:
512 3971 582 4046 quid
602 3974 636 4028 P.
735 3992 820 4048 quam
841 3980 906 4033 Pro:
928 3995 1001 4054 quae
1023 3993 1063 4046 σς.
1148 3981 1236 4040 foede
1257 3988 1296 4041 Ρ.·
1315 3985 1382 4044 soe·

274 4046 329 4105 dae
350 4064 384 4114 to,
404 4045 493 4103 foeda
513 4065 549 4104 ea
570 4047 739 4108 Doederlein
751 4050 901 4125 (Mitooltu.
912 4055 968 4130 ool.
979 4055 1055 4112 Auz.
1068 4057 1137 4117 1841
1152 4061 1290 4135 p.1003).

272 4125 376 4214 bucino
396 4123 469 4196 Psf.
548 4129 612 4184 153.
634 4125 706 4184 lmeo
726 4129 818 4204 Pfyez
837 4130 891 4187 lroc
911 4151 946 4190 ro.
1026 4133 1117 4212 lupini
1134 4155 1195 4212 pto:
1214 4137 1382 4216 lupinam,

270 4200 400 4278 lupinam
421 4199 483 4260 ood.
498 4205 687 4261 Monacensis
696 4208 764 4282 408,
786 4207 902 4284 lupinae
922 4223 949 4276 ς.
