3025 4859
564 362 773 417 sarvnavr.
1147 344 1222 417 249

119 536 212 626 poris.
298 554 526 618 onnnosarovo
537 554 653 600 aaron
665 554 792 599 racana.
816 527 956 597 acalore
971 550 1006 593 se
1022 527 1223 619 discooperit.
1242 611 1248 620 Ι

201 643 273 711 237.
297 666 459 711 snesarvs
481 665 643 711 0000400.
666 664 726 732 pro
747 639 872 707 medico
894 640 990 705 intrat
1011 637 1142 705 adulter.
1242 629 1254 646 “’

203 754 276 820 238.
299 776 530 830 4000040οε000
553 775 650 820 nona.
680 750 743 818 hoc
766 756 829 829 est,
858 748 971 816 metuit
993 755 1025 814 et
1047 768 1143 815 manu
1165 768 1223 814 sua

120 884 234 953 penem
256 866 347 931 fricat
369 864 436 930 sibi.

204 973 278 1041 240.
304 996 411 1048 arovr:
434 995 523 1039 aoros
546 994 661 1042 00000.
688 971 790 1038 malos
813 991 919 1036 mores
942 976 975 1035 et
996 976 1120 1059 turpes,
1143 989 1224 1058 quos
1249 986 1262 1025 ⁵

119 1082 187 1173 ipsa
208 1083 314 1150 habet.

203 1192 277 1258 244.
297 1215 490 1260 raonvcane
514 1214 658 1260 000000.
678 1191 889 1259 meretricem.

203 1300 278 1367 242.
300 1325 332 1370 ns
349 1325 412 1378 ova
426 1322 489 1369 000
503 1324 622 1369 raama
635 1324 747 1369 aaron.
778 1322 861 1368 uxor
882 1322 957 1368 curn
978 1301 1092 1367 marito
1115 1298 1225 1394 litigat.

203 1410 277 1477 243.
299 1434 445 1479 0000οι0
468 1435 624 1480 accusas.
646 1412 716 1502 ipsa
731 1409 815 1477 ultro
835 1417 973 1491 accusat,
997 1410 1023 1475 si
1044 1432 1108 1479 non
1130 1433 1226 1479 accu-

121 1528 218 1600 satur,
239 1520 300 1587 hoc
323 1542 422 1613 agens
444 1519 574 1602 scilicet,
596 1522 671 1589 dum
695 1542 713 1584 a
735 1521 806 1585 loro
827 1540 891 1585 non
915 1520 1063 1587 discedat.
1154 1519 1224 1587 Ma·
1237 1524 1265 1563 ¹⁰

120 1650 215 1698 nura.
238 1652 356 1697 nomen
377 1629 526 1697 mulieris.

204 1738 279 1807 244.
315 1762 530 1818 00000οτ0νο
552 1760 717 1807 cassatos.
750 1741 840 1832 ipsae
870 1739 930 1806 sibi
958 1740 1077 1808 dictant
1102 1737 1228 1805 libellos

121 1856 153 1914 et
175 1859 382 1939 componunt,
403 1874 468 1919 non
490 1849 646 1918 aduocati.

202 1958 277 2025 245.
312 1957 422 2027 Gnoso
449 1982 591 2028 nrcrrns
618 1982 776 2027 raunrsc.
811 1961 928 2027 oratori
955 1958 1039 2026 illius
1066 1959 1227 2049 temporis,

119 2069 171 2156 qui
193 2077 322 2160 septem
342 2068 440 2137 libros
461 2071 693 2138 institutionum
716 2070 852 2161 scriptos
874 2068 1009 2161 reliquit.
1242 2072 1265 2113 ¹⁵

203 2179 279 2247 247.
313 2202 464 2247 vvonoaa
490 2204 574 2248 eaor.
609 2180 649 2247 de
681 2176 755 2270 palo
788 2178 997 2270 pugnantium
1024 2178 1134 2247 habitu
1161 2180 1230 2272 gla-

120 2287 289 2355 diatorum.

205 2396 284 2465 248.
307 2420 396 2475 0000
419 2422 525 2468 cavan
548 2421 704 2465 aosmvrs.
727 2398 801 2463 ierit
821 2396 945 2465 ictibus.
1068 2402 1230 2491 [svnrovs]

117 2504 179 2574 boc
203 2516 255 2573 est
276 2506 384 2574 fenalis
405 2508 437 2574 in
457 2509 663 2576 meditatione
683 2506 857 2599 pugnandi.
983 2531 1151 2587 scvrocva
1172 2535 1230 2580 nn-

118 2639 242 2684 000000.
264 2616 469 2685 obtundendo
490 2618 590 2686 illum.
1241 2629 1269 2669 ²⁰

204 2726 282 2793 249.
316 2750 423 2804 aravo
445 2750 551 2795 00000
570 2750 691 2794 rumor
714 2749 744 2795 0.
780 2726 842 2794 boc
869 2734 932 2809 est,
960 2729 1107 2799 mrinersa
1137 2732 1233 2802 elficit

119 2836 249 2917 dictato,
273 2832 327 2902 uel
350 2844 471 2903 tantum
492 2844 584 2907 curat
604 2837 636 2904 in
660 2836 811 2903 exercitio
834 2844 988 2926 quantum
1010 2839 1173 2932 gladiator.

205 2946 282 3011 250.
316 2968 464 3013 anonam.
503 2947 687 3013 meretrices
714 2967 790 3011 narn
819 2942 998 3015 Floralibus
1025 2949 1108 3017 ludis
1137 2954 1232 3021 armis

119 3054 289 3122 certabant
309 3054 502 3146 gladiatoriis
523 3063 620 3145 atque
641 3055 833 3147 pugnabant.
915 3080 999 3127 rasa
1022 3082 1081 3127 nrsr
1104 3085 1132 3128 sr
1154 3086 1232 3139 uvrn

119 3186 151 3229 ra
172 3186 262 3231 nno.
300 3163 391 3246 tuba,
425 3187 487 3256 qua
509 3165 750 3233 committuntur
776 3166 843 3235 ludi
869 3166 1026 3249 Florales,
1055 3172 1087 3238 in
1116 3174 1231 3263 quibus
1244 3184 1270 3224 ²⁵

119 3277 309 3343 meretrices
330 3275 457 3344 nudatis
479 3271 667 3365 corporibus
687 3298 745 3366 per
775 3279 879 3344 uarias
907 3288 992 3345 artes
1018 3280 1148 3349 ludendi
1170 3284 1232 3351 dis·

119 3393 265 3452 currunt.
297 3408 372 3451 nam
398 3407 418 3451 a
443 3383 538 3451 Flora
567 3386 733 3451 meretrice
760 3386 892 3453 instituti
920 3398 995 3456 sunt
1020 3390 1051 3457 in
1079 3390 1234 3462 honorem

121 3492 241 3561 Florae
264 3494 355 3575 deae,
376 3516 459 3584 quae
481 3491 611 3560 floribus
632 3503 768 3584 praeest.
853 3494 918 3563 ludi
940 3507 1013 3566 sunt
1033 3500 1192 3592 impudici.

204 3602 282 3669 251.
304 3625 455 3671 0000000
476 3626 557 3671 rnvs
579 3627 710 3672 acrrsr.
732 3627 806 3673 nam
829 3628 905 3673 uere
928 3606 996 3674 uult
1018 3632 1089 3678 esse
1111 3612 1233 3704 gladia·

118 3713 193 3796 trix,
216 3734 303 3804 quae
325 3714 486 3780 meretrirc
1247 3728 1273 3768 ³¹¹

119 3855 148 3910 3.
165 3844 228 3909 ‘laio
247 3849 411 3933 0000400400
427 3852 459 3907 io
478 3850 644 3927 quibasdam
664 3852 807 3912 codicibus
826 3872 885 3914 000
904 3865 964 3931 004,
992 3861 1084 3936 inquit
1103 3857 1234 3922 Probus?

403 3938 411 3965 1

120 3982 155 4035 V.
224 3984 274 4035 10.
294 3978 427 4036 discedat
438 3980 470 4036 S.
483 3979 606 4037 discedit
619 3984 654 4037 P.
713 3983 760 4038 44.
781 3983 885 4059 prioris
909 3985 1049 4043 (44404440.
1109 3992 1233 4050 18-20.

118 4054 178 4114 lert
199 4056 307 4111 ictibus
333 4055 435 4113 4000Ιί0
461 4056 517 4112 lroc
536 4067 581 4113 est
606 4058 795 4115 obtundendo
823 4060 913 4119 illurn.
945 4070 1083 4137 scutoque
1109 4064 1234 4125 lacessit.

119 4134 149 4188 in
169 4131 364 4189 meditatione
383 4132 533 4211 pugnandi
552 4134 654 4192 lerolis
674 4137 732 4191 ΡΒ.
811 4140 858 4194 22.
880 4144 911 4193 04
930 4140 989 4195 Ps.
1061 4150 1157 4197 currat
1177 4146 1236 4201 ΡΒ.

119 4226 197 4267 corr.
220 4208 344 4284 Lipsius
363 4208 402 4267 od
420 4212 517 4269 Sortes.
538 4210 572 4268 de
591 4210 651 4267 bera.
675 4214 743 4280 Vll,
765 4218 792 4269 1.
852 4215 899 4270 26.
920 4214 1048 4272 ludendo
1065 4220 1235 4278 lincolniae.
