3025 4859
1172 390 1249 473 239

227 578 279 647 701
301 598 461 650 avscrana
482 578 585 649 Aeac.
606 588 732 649 uestem
753 580 907 671 tragoedi.

226 690 279 760 72.
300 715 455 760 ocsmsvs
476 691 663 760 Aaronom.
690 692 817 783 quando
838 692 1008 759 Autonoen
1031 688 1134 757 saltat.

228 799 280 869 73.
302 824 462 870 sonvrrvn
478 826 529 869 rus
546 823 657 871 uacuo
671 824 822 870 coucma.
857 808 894 868 ut
914 824 988 869 cum
1011 800 1152 868 comedis
1174 821 1253 869 con·

139 910 299 981 eumbant
320 935 396 983 nam
416 932 527 983 omnes
548 912 640 1008 pueri
660 910 791 980 uocales
812 909 925 980 fibtdas
946 914 977 979 in
993 910 1113 981 naturis
1134 908 1252 980 habent

138 1044 183 1091 nc
205 1032 329 1092 cocant.
1263 1036 1276 1079 a

227 1134 280 1204 75.
301 1133 538 1220 erururaavs
560 1155 704 1201 aucrvn.
726 1140 763 1199 ut
783 1131 968 1200 scolasticus
991 1142 1139 1219 ametur.

227 1242 279 1311 77.
306 1268 373 1315 avr
395 1244 593 1315 Gnaeuravs
614 1264 690 1311 arar
711 1266 829 1312 aaran.
859 1242 965 1333 idest
992 1243 1051 1312 sub
1080 1252 1112 1312 te
1139 1244 1251 1312 marito

142 1354 237 1423 alieni
258 1354 322 1423 lilii.

228 1468 279 1534 79.
302 1489 475 1535 oanuurvn
497 1488 625 1534 rosrss.
648 1464 689 1533 ad
710 1463 866 1533 honorem
887 1466 1076 1557 nuptiarum.
1100 1464 1146 1534 sic
1167 1463 1252 1532 enim

141 1575 248 1645 solent
268 1577 300 1646 in
320 1578 438 1671 nuptiis
458 1598 658 1669 praeparare.
1265 1594 1293 1640 ro

233 1688 286 1755 89.
317 1710 364 1755 vr
386 1710 593 1755 rssrrmnco
614 1708 682 1754 arar
714 1683 900 1775 [couorsoJ.
932 1682 993 1753 hoc
1017 1694 1067 1753 est
1087 1683 1186 1753 linum
1207 1691 1257 1753 te·

141 1797 303 1868 nuissimis
325 1794 458 1865 maculis
478 1806 651 1878 nanctum,
682 1796 769 1887 quod
790 1792 903 1862 Latine
932 1799 1148 1888 (conopeum)
1177 1796 1256 1864 culi-

143 1932 219 1978 care
242 1909 359 1977 dicunt.
381 1911 427 1975 sic
449 1907 601 1977 Horatius
629 1907 735 2000 [epod.
757 1906 789 1988 9,
814 1905 883 1997 15]:
913 1900 1018 1999 ‘signa
1040 1905 1183 1974 militaria
1206 1906 1256 1975 sol

143 2018 258 2114 aspicit
278 2012 477 2111 conopeum?

227 2128 279 2196 81.
301 2150 423 2197 noarms
445 2126 641 2197 Evnranvu.
662 2136 698 2195 ut
719 2134 867 2196 nascatur
884 2126 937 2195 tibi
953 2126 1034 2195 filius
1055 2126 1165 2196 similis
1186 2126 1292 2223 glast

142 2238 267 2309 diatori.
289 2240 417 2306 nomina
437 2238 580 2306 lanestae
601 2246 634 2305 et
654 2239 873 2332 gladiatorum.

229 2348 281 2414 83.
310 2372 430 2419 noema
450 2346 544 2417 Lacr.
572 2350 613 2417 ad
634 2349 860 2418 Alexandriam
887 2348 977 2430 dicit,
1004 2351 1077 2441 quia
1100 2349 1257 2419 1111111111-

144 2481 207 2551 gus
218 2459 326 2540 tenuit,
341 2466 433 2550 pater
444 2458 638 2553 Cleopatrae
651 2468 684 2527 et
698 2458 865 2527 Ptolomei.
881 2468 954 2551 post
964 2461 1069 2551 magni
1082 2460 1257 2529 Alexandri

144 2578 320 2660 occupatus
341 2568 527 2637 Ptolomeus
555 2571 799 2663 cognominatus
819 2566 944 2660 Lagus,
972 2569 1077 2662 adque
1105 2571 1255 2664 deinceps

145 2680 246 2749 ceteri
266 2700 361 2771 reges
381 2676 462 2772 Lagi
484 2689 558 2747 sunt
577 2678 736 2772 appellati.
1273 2682 1303 2729 ²⁰

232 2790 284 2855 87.
311 2812 518 2867 caninauovc
541 2812 704 2867 nenrovrr.
732 2787 859 2857 difficile
883 2796 931 2855 est
952 2788 1100 2857 deserere
1123 2814 1259 2861 consue-

146 2898 299 2967 tudinem.
383 2898 532 2968 Paridem
548 2900 623 2967 dicit
636 2898 719 2966 illius
733 2900 886 2989 temporis
901 2902 1141 2991 pantomimum,
1164 2928 1260 2994 quem
1291 2904 1294 2911 ’

146 3018 262 3105 postea
287 3006 329 3077 ob
357 3007 567 3080 adulteratam
591 3032 729 3079 uxorem
749 3008 791 3076 ab
818 3031 858 3076 eo
881 3033 972 3079 suurn
993 3010 1167 3080 Domitiam
1190 3013 1261 3081 Do·

145 3122 295 3193 mitianus
315 3120 442 3188 occidit.

233 3232 286 3299 89.
313 3253 359 3299 ur
380 3251 614 3299 secuanrarrs.
647 3236 813 3327 segmenta
837 3229 913 3300 dicit
935 3232 1047 3301 uittam
1068 3230 1299 3325 pendentem²⁸

148 3340 193 3412 de
212 3340 366 3423 uestibus,
386 3341 540 3411 intextam
561 3362 649 3411 auro.

150 3572 183 3629 7.
204 3571 287 3624 erunt
305 3571 335 3621 te
352 3562 455 3619 marito
476 3558 564 3617 alieni
583 3558 612 3615 ei
630 3556 681 3615 filii
704 3562 734 3618 G.
748 3559 849 3619 Bortlr.
947 3566 995 3621 11.
1017 3566 1212 3623 tenuissimum
1233 3566 1262 3625 lt.

151 3641 321 3703 tenuissime
340 3634 572 3711 Scirortzpieiaolt.
650 3640 697 3695 12.
718 3648 814 3693 netum
835 3635 1002 3696 uolnerum
1022 3659 1049 3716 p.
1071 3654 1166 3700 nermu
1187 3648 1263 3702 Lea.

151 3725 217 3795 einp
227 3736 291 3794 opp.
303 3720 350 3774 Xl
359 3734 386 3790 p.
399 3719 465 3773 118.
487 3714 626 3770 uariatum
647 3712 822 3771 Selinusiae.
844 3716 1019 3791 uariegatam
1031 3716 1263 3792 Sclrrrrtzileisclt.
1383 3740 1389 3751 ·

152 3800 281 3856 iunctum
305 3792 416 3850 Vitatur
435 3790 474 3849 od
496 3794 583 3847 Grai.
606 3809 669 3861 opo.
690 3794 777 3865 par.
800 3790 962 3848 distinctum
983 3792 1010 3851 lt.
1043 3816 1105 3853 narn
1127 3815 1263 3873 graecum

153 3886 201 3933 est
212 3868 371 3931 Mamilius
392 3866 428 3925 od
444 3872 548 3925 Horat.
568 3867 748 3943 opod.9,15.
833 3870 899 3943 quia
910 3872 967 3926 PS.
991 3872 1106 3947 quidam
1121 3874 1264 3931 811111111-

149 3946 257 4026 ficissit.
337 3949 383 4004 17.
406 3946 472 4021 qnia
485 3953 514 4002 ct
526 3946 584 4000 PS.
606 3963 690 4019 quam
701 3962 731 4020 p.
772 3944 1031 4020 Lagus-Ptolornei
1042 3948 1095 4005 dal.
1106 3954 1174 4007 Rosa
1185 3968 1263 4008 corr.

151 4024 354 4099 lectt.lp.d2.
433 4024 480 4079 18.
501 4030 700 4099 postmortem
714 4024 850 4098 magnip.
909 4027 1264 4101 postmagnumAlexan-

152 4106 239 4163 rtrum
259 4107 335 4161 Rau.
430 4103 477 4156 19.
499 4100 653 4176 occupauit
667 4118 696 4174 p.
715 4117 848 4155 occasum
860 4101 938 4176 capit
961 4102 991 4158 G.
1009 4100 1109 4159 Bortlt.
1198 4121 1262 4161 carn

150 4181 324 4257 cognomine
347 4176 378 4236 (l.
394 4173 496 4234 3111111.
571 4192 667 4251 aquo
686 4192 716 4252 p.
736 4176 834 4252 itaque
857 4177 888 4233 0.
905 4176 1005 4236 Bartlr.
1084 4182 1132 4237 26.
1154 4179 1263 4239 intexta

151 4260 216 4320 Pa.
231 4253 346 4317 carali.
