3025 4859
611 320 759 375 SATVRA
776 323 810 375 V.

159 487 312 557 sideribus
336 489 438 557 dubiis
461 498 516 557 aut
537 489 592 559 illo
615 498 776 584 tempore,
798 513 863 583 quo
884 514 920 558 se

158 600 267 692 frigida
290 601 614 694 circumaguntpigri
638 624 765 668 serraca
787 599 921 670 Bootae.

156 710 257 803 qualis
281 733 358 779 cena
382 708 512 779 umen?
541 712 666 793 tonum,
688 712 774 803 quod
795 712 924 780 succida
946 709 1026 780 nolit

155 821 226 889 lana
248 824 328 915 pati,
355 822 394 888 de
418 822 554 889 conuiua
576 820 761 912 Corybanta
782 822 914 889 uidebis.
1219 826 1260 887 25

154 932 254 1025 iurgia
277 932 461 1025 proludunt,
485 933 542 1001 sed
565 955 643 999 mox
663 940 697 999 et
717 930 833 1025 pocula
855 942 986 1024 torques

153 1044 281 1110 saucius
302 1052 335 1111 et
356 1040 452 1111 rubra
474 1044 623 1137 deterges
645 1041 778 1110 uulnera
800 1066 931 1135 mappa,

152 1152 233 1219 inter
255 1174 316 1219 uos
338 1154 483 1247 quotiens
505 1152 755 1246 libertorumque
778 1151 944 1220 cohortem

152 1284 260 1355 pugna
282 1262 459 1355 Saguntina
481 1266 584 1333 feruet
607 1264 779 1333 commissa
800 1263 926 1357 lagona.

150 1372 218 1465 ipse
239 1373 387 1466 capillato
411 1376 559 1443 diffusum
581 1372 712 1442 consule
734 1381 825 1465 potat

153 1482 372 1576 calcatamque
395 1494 483 1553 tenet
505 1485 595 1553 belbs
618 1483 789 1553 socialibus
811 1507 923 1567 uuam,

152 1594 297 1662 cardiaco
321 1618 495 1688 numquam
518 1595 670 1685 cyathum
692 1596 847 1662 missurus
868 1596 988 1678 amic03

151 1726 220 1771 cras
243 1702 331 1773 bibet
352 1704 483 1773 Albanis
505 1706 623 1799 aliquid
647 1705 686 1773 de
710 1705 870 1773 montibus
892 1714 948 1773 aut
966 1706 1007 1772 de

151 1814 284 1896 Setinis,
308 1814 397 1883 cuius
419 1818 554 1909 patriam
576 1814 767 1907 titulumque
788 1824 936 1884 senectus

152 1924 271 1993 deleuit
291 1926 390 1994 multa
414 1927 531 1994 ueteris
553 1925 682 2019 fuligine
704 1934 820 2009 testae,

150 2036 241 2129 quale
265 2038 408 2104 coronati
430 2037 572 2105 Thrasea
595 2035 827 2129 Heluidiusque
847 2034 999 2104 bibebant

90 2158 94 2167 '
149 2146 323 2215 Brutorum
345 2158 377 2215 et
398 2146 491 2215 Cassi
513 2144 679 2215 natalibus.
714 2148 784 2239 ipsc
806 2168 942 2239 capaces

150 2256 317 2325 Heliadum
340 2268 463 2326 crustas
486 2269 519 2326 et
541 2257 723 2350 inaequales
745 2256 870 2325 berullo

150 2364 242 2435 Virro
265 2377 354 2437 tenet
373 2366 510 2459 phialas3
529 2368 589 2435 tibi
611 2390 675 2435 non
699 2369 905 2435 committitur
926 2391 1053 2449 arnum,

150 2479 200 2546 uel
221 2481 248 2546 si
270 2480 398 2571 quando
421 2479 528 2561 datur,
552 2487 662 2548 custos
684 2478 809 2547 adfixus
829 2478 960 2560 ibidem,
1212 2485 1254 2545 to

150 2590 201 2682 qui
222 2599 370 2659 numeret
391 2611 549 2682 gemmas,
572 2612 696 2683 ungues
719 2589 871 2657 obseruet
892 2597 1012 2657 acutos.

151 2700 189 2767 da
211 2702 352 2781 ueniam,
373 2700 537 2791 praeclara
559 2700 604 2768 illi
627 2700 774 2768 laudatur
796 2697 930 2792 biaspis;

150 2830 221 2879 nam
243 2808 356 2892 Virro,
377 2818 413 2878 ut
435 2811 539 2893 multi,
562 2834 707 2903 gemmas
730 2812 770 2881 ad
792 2809 909 2905 pocula
931 2813 1080 2879 transfert

149 3072 194 3129 22.
207 3076 304 3127 aut-
316 3066 429 3126 Bootae
440 3065 866 3140 sctat.mas.tbat.1111,o55.
925 3072 973 3128 22.
984 3072 1022 3128 23
1034 3067 1254 3146 pertractara-

150 3142 320 3223 llsisabpost
334 3150 381 3205 19.
477 3148 527 3203 23.
549 3164 665 3205 serraca
686 3146 777 3204 PSass
801 3165 918 3204 sarraca
938 3163 956 3214 ς
974 3146 1062 3204 sobal.
1078 3149 1157 3204 sset.

150 3224 194 3281 24.
215 3222 294 3299 quod
314 3240 375 3297 ptos
396 3240 453 3298 quo
473 3226 508 3281 P.
587 3222 704 3280 succida
723 3226 791 3282 Pto:
810 3223 913 3281 sucida
932 3240 959 3291 ς.
1041 3222 1133 3281 nollet
1151 3222 1212 3291 deq.

151 3304 195 3360 25.
215 3310 244 3358 te
264 3318 282 3358 e
304 3300 428 3357 conuiua
449 3302 487 3357 H.
501 3300 644 3357 Valesius.
722 3302 769 3358 26.
790 3304 936 3358 Priscian.
950 3301 1137 3369 Vatrute
1167 3302 1253 3360 .870:

149 3370 192 3437 ‘ln
207 3395 263 3453 geo
279 3374 440 3433 desinentia
458 3377 467 3432 l
487 3376 562 3433 ectr
579 3375 812 3435 antecedentibus
827 3396 882 3454 geo
898 3380 929 3434 ia
944 3378 968 3434 si
982 3395 1121 3435 conuersa
1153 3380 1253 3435 aaioat

151 3456 334 3531 praeteritum
357 3452 516 3547 perfectam
535 3462 569 3511 at
589 3462 746 3529 —tergeo
766 3457 835 3512 tersi
854 3486 892 3496 -
911 3454 1061 3513 quenalis
1084 3457 1118 3511 in
1137 3459 1169 3514 1:
1199 3453 1254 3513 sed

149 3551 212 3589 mox
232 3562 269 3573 —
290 3548 407 3609 mappa.
523 3535 571 3589 27.
593 3529 726 3607 deterges
746 3534 798 3589 Pto
817 3534 974 3591 preston:
1000 3531 1127 3608 detergis
1148 3534 1171 3589 8
1191 3530 1253 3589 aod.

151 3606 399 3683 Norimbsrqsnsie
418 3612 445 3665 3.
528 3625 648 3686 mapapn
669 3611 702 3665 P.
781 3612 830 3669 29.
851 3608 956 3684 lagona
975 3611 1016 3666 P:
1035 3608 1140 3684 lagena
1161 3626 1197 3667 aa.

151 3690 196 3744 33.
218 3686 291 3742 uiuit
301 3686 334 3741 8.
412 3685 513 3761 aliquit
525 3688 558 3741 P.
637 3687 685 3743 35.
707 3688 813 3744 ueteris
829 3703 888 3759 pto:
910 3687 1015 3744 uetaris
1030 3688 1065 3742 P.
1135 3690 1183 3745 36.
1203 3706 1253 3745 so-

155 3762 252 3821 lebant
271 3777 300 3829 ς.
379 3766 427 3821 38.
447 3761 597 3819 Aeliadum
614 3760 684 3834 Pas,
704 3763 829 3821 eliadam
851 3779 882 3832 ς,
902 3763 1054 3821 Beliadum
1070 3761 1190 3822 Probus.

153 3839 262 3897 berullo
273 3841 311 3897 S:
333 3838 449 3897 berallos
470 3843 505 3907 P,
524 3835 640 3896 berillos
658 3857 718 3914 par,
740 3839 849 3915 beryllo
861 3838 1253 3916 Salmos.adSalist.p.197.

152 3920 215 3985 758,
236 3914 354 3991 beryllis
372 3920 408 3973 u.
423 3916 568 3975 Valesius.
634 3920 681 3975 39.
703 3916 818 3995 phialas
831 3936 893 3993 pao:
912 3918 1011 3995 phiala
1025 3921 1061 3975 Ρ.
1129 3921 1177 3975 41.
1199 3937 1254 3974 un·

153 4012 201 4070 ges
222 3993 351 4053 obseruit
370 3996 405 4051 P.
483 4003 583 4052 acutos
603 3996 668 4049 Pas:
688 3995 796 4052 amicos
815 3994 850 4067 se
869 3999 908 4052 N.
921 3999 1021 4054 Heius.
1035 3994 1074 4053 ad
1087 3993 1254 4053 Ooid.o.a.

153 4074 251 4140 1,585.
265 4073 378 4139 essu,
388 4074 472 4147 8,65,
495 4069 623 4127 aduncos
633 4070 695 4128 aod.
705 4071 1074 4149 Mediceosptxxxssll,
1084 4074 1122 4129 39
1138 4070 1235 4129 Vella.

153 4150 198 4210 42.
219 4148 262 4207 illi
282 4151 342 4217 Ρςε
361 4148 420 4206 illic
440 4166 475 4208 os.
554 4145 664 4227 lriaspis
684 4152 742 4207 Ps.
821 4153 870 4211 43.
890 4159 1003 4228 utpote
1022 4156 1052 4206 et
1070 4151 1124 4216 Ρς.
