3025 4859
567 302 735 359 sarm
754 302 825 357 Vnt.
1186 287 1263 365 295

230 471 623 562 94.[r1namoCu.rcvu].
637 472 755 541 Cilices
769 496 842 541 nam
856 474 976 565 piratae
987 481 1069 539 sunt
1087 494 1164 565 ergo
1176 474 1263 565 prin·

144 586 233 676 cipes
256 586 443 674 piratarum,
466 593 522 651 aut
542 582 728 675 spoliatores
749 582 920 651 latronum.
1004 606 1067 651 rra.
1090 581 1172 651 bene
1195 582 1260 651 Ca·

143 696 288 788 pitonem
317 704 349 761 et
371 694 527 761 Tutorem
554 696 661 761 nescio
690 718 787 785 quem
817 692 1065 784 repetundorum
1094 694 1260 765 damnatos

143 829 163 873 a
185 813 299 873 senatu
320 806 438 896 piratas
453 804 590 872 Cilicum
612 813 708 895 pocta
731 805 819 887 dixit,
841 805 909 871 siue
930 812 1061 895 propter
1084 804 1258 896 depraeda-

144 918 265 984 tionem
287 917 452 997 iniustam,
479 917 548 983 siue
570 924 606 983 ut
627 937 684 983 eos
705 916 950 983 facinorosiores
979 914 1176 996 ostenderet,
1203 916 1257 1007 qui
1283 942 1296 985 s

146 1029 267 1119 piratas
291 1026 366 1093 olim
389 1025 506 1094 Cilicas
529 1025 787 1117 exspoliauerint.
874 1026 926 1095 Cr.
949 1048 978 1092 r..
1003 1048 1079 1093 cru.
1103 1048 1258 1095 accusan-

144 1137 231 1205 tibus
251 1136 507 1228 prouiucialibus.
601 1164 607 1171 ·

228 1250 281 1315 96.
303 1270 418 1315 annuc.
439 1269 468 1313 u.
494 1271 523 1316 c.
545 1271 575 1314 o.
599 1271 630 1313 τ.
652 1270 766 1314 sensus
788 1245 839 1315 hic
863 1257 920 1314 est.
944 1249 1020 1341 quid
1043 1246 1099 1316 tibi
1120 1249 1260 1340 prodest,

142 1355 323 1450 Cherippe,
352 1358 378 1423 si
401 1358 568 1425 damnatur
589 1357 701 1439 iudex,
731 1381 828 1449 quem
859 1367 893 1425 tu
921 1358 1133 1426 damnandum
1162 1382 1258 1441 accu-

143 1470 239 1549 sasti,
272 1491 346 1536 cum
369 1467 453 1534 illius
474 1489 643 1536 successor
670 1466 761 1559 plura
785 1468 947 1537 ablaturus
976 1468 1015 1533 sit
1042 1466 1119 1535 tibi?
1155 1472 1257 1563 magis
1271 1501 1297 1541 ru

143 1579 279 1671 prouide
301 1576 357 1645 tibi
379 1599 562 1671 preconem,
586 1586 618 1645 et
629 1579 811 1646 auctionem
829 1581 879 1648 lac
894 1602 1000 1647 rerum
1017 1588 1151 1661 tuarum,
1175 1603 1258 1672 quae

141 1698 392 1781 superauerunt,
419 1697 456 1755 ut
482 1690 515 1755 in
537 1690 706 1779 pecuniam
728 1698 832 1757 totum
853 1692 1012 1771 conferas,
1041 1712 1082 1757 ne
1110 1698 1145 1758 et
1169 1693 1257 1784 ipsos

142 1822 265 1892 pannos
281 1809 354 1867 tuos
369 1798 494 1891 perdas,
517 1802 570 1891 qui
585 1806 814 1867 remanserunt.
838 1824 912 1867 nam
934 1824 995 1869 nec
1016 1804 1183 1871 accusatio·
1201 1802 1257 1871 tibi

141 1911 291 2003 proderit,
316 1918 349 1977 et
369 1911 499 2001 insuper
519 1909 651 1977 naulum
672 1910 791 2001 perdis.

226 2024 279 2088 98.
302 2044 365 2091 non
387 2046 429 2089 ro.
453 2043 564 2087 suurn.
588 2042 675 2086 coru.
704 2044 768 2089 non
791 2023 837 2089 sic
859 2032 1050 2115 gemuerunt
1071 2024 1253 2116 prouinciae
1267 2057 1293 2099 u

141 2130 333 2200 allemania
353 2132 488 2199 afflictae
512 2129 729 2223 spoliataequc
750 2134 819 2201 iure
841 2133 1009 2215 bellorum,
1031 2137 1159 2225 quando
1181 2144 1255 2203 sunt

139 2243 296 2325 deuictae,
320 2241 482 2336 quomodo
505 2264 599 2323 nunc,
622 2264 696 2311 cum
718 2252 793 2319 sunt
814 2266 833 2311 a
854 2244 1010 2313 iudicibus
1032 2246 1233 2337 depredatae.

228 2356 298 2421 101.
322 2376 476 2423 coucrnrr
489 2353 569 2422 Coa.
592 2352 786 2444 metaphora.
809 2378 960 2448 purpura.
983 2356 1138 2425 conchilia
1153 2380 1255 2449 genus

138 2464 245 2557 piscis.
350 2464 430 2534 Coa.
455 2464 588 2533 Graeca.

227 2577 297 2642 102.
331 2600 374 2643 nr
398 2599 465 2645 cru
487 2598 517 2642 r.
540 2599 571 2640 τ.
604 2576 763 2667 pictorum
791 2574 937 2659 lictorum
960 2577 1158 2669 sculptorum
1180 2584 1293 2645 sumn

139 2686 280 2768 namma,
301 2688 356 2779 qui
378 2686 464 2779 apud
486 2693 613 2753 ueteres
634 2688 741 2779 magni
761 2685 896 2754 artifices
912 2688 1049 2757 luerunt.

227 2797 297 2865 103.
327 2798 490 2866 Fromcvu
513 2819 544 2863 v.
575 2794 679 2863 Fidias
706 2798 877 2865 statuarius
904 2800 971 2867 luit.
1049 2821 1127 2869 cum
1146 2800 1254 2893 ἐκφω-

136 2906 234 3001 rp'uat
256 2910 530 3001 pronunciandum
552 2916 609 2989 est,
631 2908 788 3000 siquidem
811 2911 922 2979 uiuere
942 2909 1142 2979 uidebantur.

228 3020 297 3087 104.
326 3041 455 3088 uvnros
478 3043 510 3085 v.
532 3041 563 3085 r..
587 3044 616 3087 n.
644 3042 749 3087 mnan
772 3043 841 3088 orno
864 3020 1029 3089 lllonrono
1048 3044 1182 3091 musio.
1218 3023 1252 3091 id

137 3138 197 3213 est,
219 3153 303 3222 quae
325 3154 344 3198 a
366 3130 456 3197 labro
478 3128 576 3197 nobili
596 3152 662 3199 non
684 3138 758 3198 sunt
779 3131 891 3199 laetae.
989 3156 1040 3200 na.
1063 3157 1096 3203 u.
1117 3156 1164 3203 so.
1201 3141 1290 3201 to-as

135 3249 292 3309 reumate.

224 3353 294 3418 105.
315 3374 394 3421 runo
413 3350 626 3420 Donassent.
650 3351 809 3420 Antonius
832 3354 927 3421 trium
948 3354 1159 3423 Antoniorum
1182 3372 1254 3420 cor·

134 3626 164 3679 3.
183 3638 268 3696 qrrem
281 3629 368 3698 poeta
380 3620 451 3680 dixit
461 3623 519 3678 PS.
578 3621 606 3677 4.
630 3619 752 3677 Cilicum
764 3616 835 3675 dixit
845 3621 904 3677 ΡΒ.
963 3622 991 3679 6.
1013 3636 1185 3679 namucus:
1201 3637 1253 3678 sr-

134 3715 233 3756 rrtrr.
252 3700 454 3755 accusantibus
470 3702 520 3756 Vs.
593 3701 640 3755 16.
662 3696 768 3755 bellis.
843 3701 888 3756 18.
911 3697 1051 3755 conchilia
1063 3716 1154 3773 genus
1188 3698 1254 3755 iscis

134 3794 190 3833 ont.
212 3777 245 3832 Β.
325 3779 374 3833 22.
395 3793 569 3854 εκφωνησιν
589 3777 621 3832 Β.
711 3777 759 3831 23.
782 3770 835 3847 est]
859 3783 888 3830 ut
907 3776 967 3832 ΡΒ.
1051 3777 1153 3853 siquo
1194 3776 1254 3832 ΡΒ.

134 3870 208 3911 eurr.
231 3871 255 3910 e.
374 3852 526 3911 uideantur
544 3854 603 3910 ΡΒ.
720 3854 769 3907 27.
790 3850 928 3907 Antonius
956 3852 1039 3909 trium
1066 3852 1252 3909 Antoniorum

133 3948 209 3987 coss.
237 3941 321 4007 pater
346 3932 417 4007 (out
444 3930 583 3986 Antonius
609 3930 797 3986 Antoniorum
822 3928 962 3985 triumuiri
992 3938 1021 3987 et
1050 3948 1126 3987 coss.
1151 3926 1251 4006 poter)

132 4008 192 4076 ille,
215 4009 263 4083 qui
285 4026 354 4065 orae
372 4040 411 4049 —
432 4008 582 4085 imperium
608 4006 748 4085 praefuit,
775 4007 934 4063 contrarius
961 4006 1072 4085 piratis.
1100 4004 1255 4063 Salustius.

132 4088 260 4162 Rutpers
292 4102 374 4142 tturr.
404 4085 479 4142 lectt.
504 4088 570 4155 111,
600 4089 647 4143 17.
693 4084 834 4140 Antonius
874 4084 1013 4141 triumuiri
1047 4083 1161 4139 Antonii
1200 4098 1255 4159 pa·

132 4171 190 4232 ter,
215 4171 346 4233 curator,
372 4171 402 4220 ut
427 4162 467 4220 ait
492 4161 655 4231 Salustius,
685 4179 755 4219 orae
779 4190 814 4201 —
842 4160 992 4239 imperium
1018 4168 1117 4219 contra
1143 4160 1254 4241 piratas
