<?xml version="1.0" encoding="UTF-8"?>
<!DOCTYPE html PUBLIC "-//W3C//DTD XHTML 1.0 Transitional//EN"
    "http://www.w3.org/TR/xhtml1/DTD/xhtml1-transitional.dtd">
<html xmlns="http://www.w3.org/1999/xhtml" xml:lang="en" lang="en">
 <head>
  <title>
</title>
<meta http-equiv="Content-Type" content="text/html;charset=utf-8" />
  <meta name='ocr-system' content='tesseract 3.04.00' />
  <meta name='ocr-capabilities' content='ocr_page ocr_carea ocr_par ocr_line ocrx_word'/>
</head>
<body>
  <div class='ocr_page' id='page_1' title='image "./diuniiiuvenalis00jahngoog_0044.png"; bbox 0 0 3025 4859; ppageno 0'>
   <div class='ocr_carea' id='block_1_1' title="bbox 277 372 1009 447">
    <p class='ocr_par' dir='ltr' id='par_1_1' title="bbox 277 372 1009 447">
     <span class='ocr_line' id='line_1_1' title="bbox 277 372 1009 447; baseline -0.001 -11"><span class='ocrx_word' id='word_1_1' title='bbox 277 372 325 447; x_wconf 81' lang='grc'><strong>18</strong></span> <span class='ocrx_word' id='word_1_2' title='bbox 652 387 687 440; x_wconf 89' lang='lat' dir='ltr'>D.</span> <span class='ocrx_word' id='word_1_3' title='bbox 707 383 797 441; x_wconf 71' lang='lat' dir='ltr'>nutu</span> <span class='ocrx_word' id='word_1_4' title='bbox 815 382 1009 440; x_wconf 78' lang='lat' dir='ltr'>lVVENALlS</span> 
     </span>
    </p>
   </div>
   <div class='ocr_carea' id='block_1_2' title="bbox 274 552 1035 762">
    <p class='ocr_par' dir='ltr' id='par_1_2' title="bbox 274 552 1035 762">
     <span class='ocr_line' id='line_1_2' title="bbox 274 552 1026 647; baseline -0.007 -22"><span class='ocrx_word' id='word_1_5' title='bbox 274 558 439 625; x_wconf 78' lang='lat' dir='ltr'><strong>mittentur</strong></span> <span class='ocrx_word' id='word_1_6' title='bbox 461 553 576 623; x_wconf 82' lang='lat' dir='ltr'><strong>bracae</strong></span> <span class='ocrx_word' id='word_1_7' title='bbox 599 553 716 623; x_wconf 92' lang='lat' dir='ltr'>cultelli</span> <span class='ocrx_word' id='word_1_8' title='bbox 739 557 827 621; x_wconf 85' lang='lat' dir='ltr'>frena</span> <span class='ocrx_word' id='word_1_9' title='bbox 848 552 1026 647; x_wconf 82' lang='lat' dir='ltr'>flagellum:</span> 
     </span>
     <span class='ocr_line' id='line_1_3' title="bbox 274 668 1035 762; baseline -0.011 -25"><span class='ocrx_word' id='word_1_10' title='bbox 274 670 320 737; x_wconf 85' lang='lat' dir='ltr'>sie</span> <span class='ocrx_word' id='word_1_11' title='bbox 342 675 560 762; x_wconf 88' lang='lat' dir='ltr'>praetextatos</span> <span class='ocrx_word' id='word_1_12' title='bbox 582 668 723 735; x_wconf 83' lang='lat' dir='ltr'>referunt</span> <span class='ocrx_word' id='word_1_13' title='bbox 743 668 898 734; x_wconf 78' lang='lat' dir='ltr'>Artaxata</span> <span class='ocrx_word' id='word_1_14' title='bbox 919 688 1035 736; x_wconf 89' lang='lat' dir='ltr'>mores.</span> 
     </span>
    </p>
   </div>
   <div class='ocr_carea' id='block_1_3' title="bbox 602 917 1052 995">
    <p class='ocr_par' dir='ltr' id='par_1_3' title="bbox 602 917 1052 995">
     <span class='ocr_line' id='line_1_4' title="bbox 602 917 1052 995; baseline -0.007 0"><span class='ocrx_word' id='word_1_15' title='bbox 602 917 927 995; x_wconf 84' lang='lat' dir='ltr'>SATVRA</span> <span class='ocrx_word' id='word_1_16' title='bbox 979 918 1052 992; x_wconf 93' lang='lat' dir='ltr'><strong>III.</strong></span> 
     </span>
    </p>
   </div>
   <div class='ocr_carea' id='block_1_4' title="bbox 230 1110 1379 3203">
    <p class='ocr_par' dir='ltr' id='par_1_4' title="bbox 230 1110 1379 3203">
     <span class='ocr_line' id='line_1_5' title="bbox 274 1110 1025 1203; baseline -0.008 -22"><span class='ocrx_word' id='word_1_17' title='bbox 274 1112 428 1200; x_wconf 85' lang='lat' dir='ltr'>Quamuis</span> <span class='ocrx_word' id='word_1_18' title='bbox 451 1112 596 1203; x_wconf 83' lang='lat' dir='ltr'>digressu</span> <span class='ocrx_word' id='word_1_19' title='bbox 617 1111 735 1178; x_wconf 81' lang='lat' dir='ltr'>ueteris</span> <span class='ocrx_word' id='word_1_20' title='bbox 758 1110 909 1177; x_wconf 86' lang='lat' dir='ltr'>confusus</span> <span class='ocrx_word' id='word_1_21' title='bbox 931 1110 1025 1177; x_wconf 90' lang='lat' dir='ltr'>amici</span> 
     </span>
     <span class='ocr_line' id='line_1_6' title="bbox 272 1218 1140 1313; baseline -0.007 -22"><span class='ocrx_word' id='word_1_22' title='bbox 272 1223 368 1292; x_wconf 92' lang='lat' dir='ltr'>laudo</span> <span class='ocrx_word' id='word_1_23' title='bbox 392 1232 508 1305; x_wconf 89' lang='lat' dir='ltr'>tamen,</span> <span class='ocrx_word' id='word_1_24' title='bbox 531 1222 641 1289; x_wconf 89' lang='lat' dir='ltr'>uacuis</span> <span class='ocrx_word' id='word_1_25' title='bbox 665 1221 750 1313; x_wconf 90' lang='lat' dir='ltr'>quod</span> <span class='ocrx_word' id='word_1_26' title='bbox 774 1218 884 1286; x_wconf 91' lang='lat' dir='ltr'>sedem</span> <span class='ocrx_word' id='word_1_27' title='bbox 905 1220 1003 1313; x_wconf 86' lang='lat' dir='ltr'>ligere</span> <span class='ocrx_word' id='word_1_28' title='bbox 1028 1220 1140 1288; x_wconf 89' lang='lat' dir='ltr'>Cumis</span> 
     </span>
     <span class='ocr_line' id='line_1_7' title="bbox 272 1330 1097 1426; baseline -0.008 -23"><span class='ocrx_word' id='word_1_29' title='bbox 272 1337 408 1403; x_wconf 89' lang='lat' dir='ltr'>destinet</span> <span class='ocrx_word' id='word_1_30' title='bbox 431 1333 533 1426; x_wconf 92' lang='lat' dir='ltr'>adque</span> <span class='ocrx_word' id='word_1_31' title='bbox 555 1356 654 1401; x_wconf 90' lang='lat' dir='ltr'>unum</span> <span class='ocrx_word' id='word_1_32' title='bbox 677 1334 781 1400; x_wconf 91' lang='lat' dir='ltr'>ciuem</span> <span class='ocrx_word' id='word_1_33' title='bbox 805 1332 924 1400; x_wconf 89' lang='lat' dir='ltr'>donare</span> <span class='ocrx_word' id='word_1_34' title='bbox 946 1330 1097 1421; x_wconf 82' lang='lat' dir='ltr'><strong>Sibyllae.</strong></span> 
     </span>
     <span class='ocr_line' id='line_1_8' title="bbox 271 1443 1057 1535; baseline -0.009 -22"><span class='ocrx_word' id='word_1_35' title='bbox 271 1448 365 1513; x_wconf 89' lang='lat' dir='ltr'>ianua</span> <span class='ocrx_word' id='word_1_36' title='bbox 389 1444 537 1512; x_wconf 89' lang='lat' dir='ltr'>Baiarum</span> <span class='ocrx_word' id='word_1_37' title='bbox 560 1453 609 1511; x_wconf 92' lang='lat' dir='ltr'>est</span> <span class='ocrx_word' id='word_1_38' title='bbox 632 1452 664 1511; x_wconf 90' lang='lat' dir='ltr'>et</span> <span class='ocrx_word' id='word_1_39' title='bbox 686 1450 812 1535; x_wconf 82' lang='lat' dir='ltr'>gratum</span> <span class='ocrx_word' id='word_1_40' title='bbox 833 1443 907 1511; x_wconf 90' lang='lat' dir='ltr'>litus</span> <span class='ocrx_word' id='word_1_41' title='bbox 930 1443 1057 1511; x_wconf 90' lang='lat' dir='ltr'>amoeni</span> 
     </span>
     <span class='ocr_line' id='line_1_9' title="bbox 273 1549 1379 1649; baseline -0.005 -26"><span class='ocrx_word' id='word_1_42' title='bbox 273 1578 430 1624; x_wconf 89' lang='lat' dir='ltr'>secessus.</span> <span class='ocrx_word' id='word_1_43' title='bbox 476 1579 537 1649; x_wconf 89' lang='lat' dir='ltr'>ego</span> <span class='ocrx_word' id='word_1_44' title='bbox 561 1556 613 1625; x_wconf 90' lang='lat' dir='ltr'>uel</span> <span class='ocrx_word' id='word_1_45' title='bbox 635 1553 830 1644; x_wconf 78' lang='lat' dir='ltr'>Prochytam</span> <span class='ocrx_word' id='word_1_46' title='bbox 851 1575 1013 1647; x_wconf 84' lang='lat' dir='ltr'><strong>praepono</strong></span> <span class='ocrx_word' id='word_1_47' title='bbox 1035 1549 1190 1618; x_wconf 87' lang='lat' dir='ltr'>Suburae.</span> <span class='ocrx_word' id='word_1_48' title='bbox 1360 1561 1379 1618; x_wconf 80' lang='lat'>5</span> 
     </span>
     <span class='ocr_line' id='line_1_10' title="bbox 271 1664 1246 1759; baseline -0.009 -23"><span class='ocrx_word' id='word_1_49' title='bbox 271 1691 347 1736; x_wconf 91' lang='lat' dir='ltr'>nam</span> <span class='ocrx_word' id='word_1_50' title='bbox 370 1666 445 1759; x_wconf 87' lang='lat' dir='ltr'>quid</span> <span class='ocrx_word' id='word_1_51' title='bbox 468 1675 533 1733; x_wconf 89' lang='lat' dir='ltr'>tam</span> <span class='ocrx_word' id='word_1_52' title='bbox 555 1668 715 1749; x_wconf 87' lang='lat' dir='ltr'>miserum,</span> <span class='ocrx_word' id='word_1_53' title='bbox 738 1676 804 1733; x_wconf 89' lang='lat' dir='ltr'>tam</span> <span class='ocrx_word' id='word_1_54' title='bbox 826 1664 930 1732; x_wconf 91' lang='lat' dir='ltr'>solum</span> <span class='ocrx_word' id='word_1_55' title='bbox 951 1665 1103 1743; x_wconf 91' lang='lat' dir='ltr'>uidimus,</span> <span class='ocrx_word' id='word_1_56' title='bbox 1125 1669 1161 1729; x_wconf 91' lang='lat' dir='ltr'>ut</span> <span class='ocrx_word' id='word_1_57' title='bbox 1182 1683 1246 1728; x_wconf 89' lang='lat' dir='ltr'>non</span> 
     </span>
     <span class='ocr_line' id='line_1_11' title="bbox 272 1775 1005 1869; baseline -0.008 -23"><span class='ocrx_word' id='word_1_58' title='bbox 272 1779 409 1846; x_wconf 88' lang='lat' dir='ltr'>deterius</span> <span class='ocrx_word' id='word_1_59' title='bbox 433 1779 544 1845; x_wconf 91' lang='lat' dir='ltr'>credas</span> <span class='ocrx_word' id='word_1_60' title='bbox 566 1775 697 1845; x_wconf 89' lang='lat' dir='ltr'>horrere</span> <span class='ocrx_word' id='word_1_61' title='bbox 718 1778 874 1859; x_wconf 90' lang='lat' dir='ltr'>incendia,</span> <span class='ocrx_word' id='word_1_62' title='bbox 897 1775 1005 1869; x_wconf 87' lang='lat' dir='ltr'>lapsus</span> 
     </span>
     <span class='ocr_line' id='line_1_12' title="bbox 270 1886 1070 1979; baseline -0.006 -23"><span class='ocrx_word' id='word_1_63' title='bbox 270 1899 427 1958; x_wconf 88' lang='lat' dir='ltr'>tectorum</span> <span class='ocrx_word' id='word_1_64' title='bbox 452 1890 601 1957; x_wconf 88' lang='lat' dir='ltr'>adsiduos</span> <span class='ocrx_word' id='word_1_65' title='bbox 624 1912 661 1955; x_wconf 89' lang='lat' dir='ltr'>ac</span> <span class='ocrx_word' id='word_1_66' title='bbox 683 1886 771 1954; x_wconf 90' lang='lat' dir='ltr'>mille</span> <span class='ocrx_word' id='word_1_67' title='bbox 792 1887 932 1979; x_wconf 86' lang='lat' dir='ltr'>pericula</span> <span class='ocrx_word' id='word_1_68' title='bbox 954 1908 1070 1953; x_wconf 90' lang='lat' dir='ltr'>saeuae</span> 
     </span>
     <span class='ocr_line' id='line_1_13' title="bbox 269 1993 1062 2093; baseline -0.008 -25"><span class='ocrx_word' id='word_1_69' title='bbox 269 2000 356 2068; x_wconf 92' lang='lat' dir='ltr'>urbis</span> <span class='ocrx_word' id='word_1_70' title='bbox 379 2008 413 2067; x_wconf 89' lang='lat' dir='ltr'>et</span> <span class='ocrx_word' id='word_1_71' title='bbox 432 2000 579 2093; x_wconf 80' lang='lat' dir='ltr'>Augusto</span> <span class='ocrx_word' id='word_1_72' title='bbox 602 2002 772 2068; x_wconf 79' lang='lat' dir='ltr'>recitantes</span> <span class='ocrx_word' id='word_1_73' title='bbox 793 2022 904 2067; x_wconf 90' lang='lat' dir='ltr'>mense</span> <span class='ocrx_word' id='word_1_74' title='bbox 927 1993 1062 2089; x_wconf 81' lang='lat' dir='ltr'>poetas?</span> 
     </span>
     <span class='ocr_line' id='line_1_14' title="bbox 269 2110 1068 2202; baseline -0.009 -23"><span class='ocrx_word' id='word_1_75' title='bbox 269 2112 326 2179; x_wconf 92' lang='lat' dir='ltr'>sed</span> <span class='ocrx_word' id='word_1_76' title='bbox 348 2111 424 2178; x_wconf 92' lang='lat' dir='ltr'>dum</span> <span class='ocrx_word' id='word_1_77' title='bbox 447 2120 514 2179; x_wconf 89' lang='lat' dir='ltr'>tota</span> <span class='ocrx_word' id='word_1_78' title='bbox 537 2112 650 2178; x_wconf 88' lang='lat' dir='ltr'>domus</span> <span class='ocrx_word' id='word_1_79' title='bbox 674 2112 751 2177; x_wconf 89' lang='lat' dir='ltr'>reda</span> <span class='ocrx_word' id='word_1_80' title='bbox 773 2110 975 2202; x_wconf 82' lang='lat' dir='ltr'>componitur</span> <span class='ocrx_word' id='word_1_81' title='bbox 996 2130 1068 2189; x_wconf 87' lang='lat' dir='ltr'>una,</span> 
     </span>
     <span class='ocr_line' id='line_1_15' title="bbox 269 2217 1176 2312; baseline -0.007 -24"><span class='ocrx_word' id='word_1_82' title='bbox 269 2220 408 2288; x_wconf 89' lang='lat' dir='ltr'>substitit</span> <span class='ocrx_word' id='word_1_83' title='bbox 430 2222 470 2288; x_wconf 93' lang='lat' dir='ltr'>ad</span> <span class='ocrx_word' id='word_1_84' title='bbox 491 2230 617 2288; x_wconf 89' lang='lat' dir='ltr'>ueteres</span> <span class='ocrx_word' id='word_1_85' title='bbox 640 2245 733 2289; x_wconf 91' lang='lat' dir='ltr'>arcus</span> <span class='ocrx_word' id='word_1_86' title='bbox 755 2223 979 2312; x_wconf 81' lang='lat' dir='ltr'>madidamque</span> <span class='ocrx_word' id='word_1_87' title='bbox 1002 2217 1176 2309; x_wconf 91' lang='lat' dir='ltr'>Capenam.</span> 
     </span>
     <span class='ocr_line' id='line_1_16' title="bbox 233 2329 1090 2424; baseline -0.008 -22"><span class='ocrx_word' id='word_1_88' title='bbox 233 2334 302 2402; x_wconf 82' lang='lat' dir='ltr'>nin</span> <span class='ocrx_word' id='word_1_89' title='bbox 324 2331 443 2399; x_wconf 91' lang='lat' dir='ltr'>uallem</span> <span class='ocrx_word' id='word_1_90' title='bbox 468 2332 600 2424; x_wconf 81' lang='lat' dir='ltr'>Egeriae</span> <span class='ocrx_word' id='word_1_91' title='bbox 623 2331 845 2399; x_wconf 87' lang='lat' dir='ltr'>descendimus</span> <span class='ocrx_word' id='word_1_92' title='bbox 868 2341 900 2397; x_wconf 89' lang='lat' dir='ltr'>et</span> <span class='ocrx_word' id='word_1_93' title='bbox 922 2329 1090 2423; x_wconf 90' lang='lat' dir='ltr'>speluncas</span> 
     </span>
     <span class='ocr_line' id='line_1_17' title="bbox 251 2440 1032 2535; baseline -0.005 -25"><span class='ocrx_word' id='word_1_94' title='bbox 251 2497 255 2509; x_wconf 90' lang='lat'><strong>.</strong></span> <span class='ocrx_word' id='word_1_95' title='bbox 273 2440 440 2510; x_wconf 89' lang='lat' dir='ltr'>dissimiles</span> <span class='ocrx_word' id='word_1_96' title='bbox 462 2444 561 2525; x_wconf 87' lang='lat' dir='ltr'>ueris;</span> <span class='ocrx_word' id='word_1_97' title='bbox 585 2451 703 2534; x_wconf 90' lang='lat' dir='ltr'>quanto</span> <span class='ocrx_word' id='word_1_98' title='bbox 725 2443 924 2535; x_wconf 90' lang='lat' dir='ltr'>praesentius</span> <span class='ocrx_word' id='word_1_99' title='bbox 946 2449 1032 2507; x_wconf 86' lang='lat' dir='ltr'>esset</span> 
     </span>
     <span class='ocr_line' id='line_1_18' title="bbox 272 2550 1136 2646; baseline -0.002 -25"><span class='ocrx_word' id='word_1_100' title='bbox 272 2576 391 2621; x_wconf 89' lang='lat' dir='ltr'>numen</span> <span class='ocrx_word' id='word_1_101' title='bbox 409 2575 520 2644; x_wconf 87' lang='lat' dir='ltr'>aquae,</span> <span class='ocrx_word' id='word_1_102' title='bbox 542 2553 635 2620; x_wconf 89' lang='lat' dir='ltr'>uiridi</span> <span class='ocrx_word' id='word_1_103' title='bbox 658 2554 683 2619; x_wconf 91' lang='lat' dir='ltr'>si</span> <span class='ocrx_word' id='word_1_104' title='bbox 706 2555 848 2646; x_wconf 85' lang='lat' dir='ltr'>margine</span> <span class='ocrx_word' id='word_1_105' title='bbox 871 2550 1015 2619; x_wconf 86' lang='lat' dir='ltr'>eluderet</span> <span class='ocrx_word' id='word_1_106' title='bbox 1035 2553 1136 2619; x_wconf 88' lang='lat' dir='ltr'>undas</span> 
     </span>
     <span class='ocr_line' id='line_1_19' title="bbox 231 2660 1377 2756; baseline 0.001 -27"><span class='ocrx_word' id='word_1_107' title='bbox 231 2662 380 2745; x_wconf 82' lang='lat' dir='ltr'>mherba,</span> <span class='ocrx_word' id='word_1_108' title='bbox 402 2685 463 2731; x_wconf 93' lang='lat' dir='ltr'>nec</span> <span class='ocrx_word' id='word_1_109' title='bbox 485 2664 659 2756; x_wconf 89' lang='lat' dir='ltr'>ingenuum</span> <span class='ocrx_word' id='word_1_110' title='bbox 682 2661 838 2731; x_wconf 90' lang='lat' dir='ltr'>uiolarent</span> <span class='ocrx_word' id='word_1_111' title='bbox 859 2686 1016 2731; x_wconf 90' lang='lat' dir='ltr'>marmora</span> <span class='ocrx_word' id='word_1_112' title='bbox 1038 2660 1153 2729; x_wconf 90' lang='lat' dir='ltr'>tolum!</span> <span class='ocrx_word' id='word_1_113' title='bbox 1337 2674 1377 2730; x_wconf 82' lang='lat'>15</span> 
     </span>
     <span class='ocr_line' id='line_1_20' title="bbox 232 2771 1133 2855; baseline 0.001 -16"><span class='ocrx_word' id='word_1_114' title='bbox 232 2771 336 2855; x_wconf 80' lang='lat' dir='ltr'>uhic,</span> <span class='ocrx_word' id='word_1_115' title='bbox 359 2771 415 2841; x_wconf 91' lang='lat' dir='ltr'>ubi</span> <span class='ocrx_word' id='word_1_116' title='bbox 434 2782 610 2842; x_wconf 91' lang='lat' dir='ltr'>nocturnae</span> <span class='ocrx_word' id='word_1_117' title='bbox 632 2772 738 2841; x_wconf 91' lang='lat' dir='ltr'>Numa</span> <span class='ocrx_word' id='word_1_118' title='bbox 763 2774 976 2842; x_wconf 86' lang='lat' dir='ltr'>constituebat</span> <span class='ocrx_word' id='word_1_119' title='bbox 997 2775 1133 2855; x_wconf 85' lang='lat' dir='ltr'>amicae,</span> 
     </span>
     <span class='ocr_line' id='line_1_21' title="bbox 270 2882 1090 2953; baseline -0.001 -1"><span class='ocrx_word' id='word_1_120' title='bbox 270 2906 355 2952; x_wconf 90' lang='lat' dir='ltr'>nunc</span> <span class='ocrx_word' id='word_1_121' title='bbox 378 2886 460 2952; x_wconf 88' lang='lat' dir='ltr'>sacri</span> <span class='ocrx_word' id='word_1_122' title='bbox 482 2886 577 2952; x_wconf 91' lang='lat' dir='ltr'>lontis</span> <span class='ocrx_word' id='word_1_123' title='bbox 599 2908 710 2953; x_wconf 90' lang='lat' dir='ltr'>nemus</span> <span class='ocrx_word' id='word_1_124' title='bbox 735 2895 768 2952; x_wconf 93' lang='lat' dir='ltr'>et</span> <span class='ocrx_word' id='word_1_125' title='bbox 790 2883 922 2953; x_wconf 91' lang='lat' dir='ltr'>delubra</span> <span class='ocrx_word' id='word_1_126' title='bbox 943 2882 1090 2951; x_wconf 90' lang='lat' dir='ltr'>locantur</span> 
     </span>
     <span class='ocr_line' id='line_1_22' title="bbox 268 2992 1190 3088; baseline 0.002 -25"><span class='ocrx_word' id='word_1_127' title='bbox 268 2992 405 3076; x_wconf 91' lang='lat' dir='ltr'>ludaeis,</span> <span class='ocrx_word' id='word_1_128' title='bbox 428 3019 565 3088; x_wconf 86' lang='lat' dir='ltr'>quorum</span> <span class='ocrx_word' id='word_1_129' title='bbox 588 2995 742 3088; x_wconf 85' lang='lat' dir='ltr'>cophinus</span> <span class='ocrx_word' id='word_1_130' title='bbox 765 2998 957 3087; x_wconf 88' lang='lat' dir='ltr'>faenumque</span> <span class='ocrx_word' id='word_1_131' title='bbox 979 2993 1126 3087; x_wconf 84' lang='lat' dir='ltr'>supellex</span> <span class='ocrx_word' id='word_1_132' title='bbox 1146 3036 1190 3046; x_wconf 96' lang='lat'>-</span> 
     </span>
     <span class='ocr_line' id='line_1_23' title="bbox 230 3106 1170 3203; baseline -0.002 -28"><span class='ocrx_word' id='word_1_133' title='bbox 230 3134 256 3175; x_wconf 80' lang='lat' dir='ltr'>aa</span> <span class='ocrx_word' id='word_1_134' title='bbox 270 3106 374 3176; x_wconf 91' lang='lat' dir='ltr'>omnis</span> <span class='ocrx_word' id='word_1_135' title='bbox 397 3108 481 3175; x_wconf 91' lang='lat' dir='ltr'>enim</span> <span class='ocrx_word' id='word_1_136' title='bbox 502 3106 623 3201; x_wconf 76' lang='lat' dir='ltr'>popado</span> <span class='ocrx_word' id='word_1_137' title='bbox 646 3110 829 3178; x_wconf 89' lang='lat' dir='ltr'>mercedem</span> <span class='ocrx_word' id='word_1_138' title='bbox 851 3109 991 3203; x_wconf 88' lang='lat' dir='ltr'>pendere</span> <span class='ocrx_word' id='word_1_139' title='bbox 1013 3109 1100 3178; x_wconf 89' lang='lat' dir='ltr'>iussa</span> <span class='ocrx_word' id='word_1_140' title='bbox 1121 3115 1170 3175; x_wconf 90' lang='lat' dir='ltr'>est</span> 
     </span>
    </p>
   </div>
   <div class='ocr_carea' id='block_1_5' title="bbox 267 3366 687 3433">
    <p class='ocr_par' dir='ltr' id='par_1_5' title="bbox 267 3366 687 3433">
     <span class='ocr_line' id='line_1_24' title="bbox 267 3366 687 3433; baseline 0.002 -8"><span class='ocrx_word' id='word_1_141' title='bbox 267 3369 335 3428; x_wconf 87' lang='grc'><strong>169.</strong></span> <span class='ocrx_word' id='word_1_142' title='bbox 355 3366 460 3425; x_wconf 87' lang='lat' dir='ltr'>bracae</span> <span class='ocrx_word' id='word_1_143' title='bbox 482 3381 514 3433; x_wconf 76' lang='grc' dir='ltr'>ςε</span> <span class='ocrx_word' id='word_1_144' title='bbox 534 3368 633 3425; x_wconf 63' lang='grc'><strong>611161</strong></span> <span class='ocrx_word' id='word_1_145' title='bbox 652 3370 687 3426; x_wconf 86' lang='grc' dir='ltr'>Ρ.</span> 
     </span>
    </p>
   </div>
   <div class='ocr_carea' id='block_1_6' title="bbox 417 3512 1228 3581">
    <p class='ocr_par' dir='ltr' id='par_1_6' title="bbox 417 3512 1228 3581">
     <span class='ocr_line' id='line_1_25' title="bbox 417 3512 1228 3581; baseline 0.005 -12"><span class='ocrx_word' id='word_1_146' title='bbox 417 3512 494 3569; x_wconf 82' lang='lat' dir='ltr'>Sat.</span> <span class='ocrx_word' id='word_1_147' title='bbox 515 3513 575 3570; x_wconf 85' lang='lat'>111.</span> <span class='ocrx_word' id='word_1_148' title='bbox 617 3512 716 3581; x_wconf 87' lang='lat' dir='ltr'>Quare</span> <span class='ocrx_word' id='word_1_149' title='bbox 736 3512 899 3572; x_wconf 82' lang='lat' dir='ltr'>Vmbricius</span> <span class='ocrx_word' id='word_1_150' title='bbox 920 3517 1019 3573; x_wconf 89' lang='lat' dir='ltr'>urbem</span> <span class='ocrx_word' id='word_1_151' title='bbox 1040 3514 1156 3575; x_wconf 90' lang='lat' dir='ltr'>deserat</span> <span class='ocrx_word' id='word_1_152' title='bbox 1175 3514 1228 3573; x_wconf 87' lang='lat' dir='ltr'>Pb.</span> 
     </span>
    </p>
   </div>
   <div class='ocr_carea' id='block_1_7' title="bbox 266 3604 1375 3995">
    <p class='ocr_par' dir='ltr' id='par_1_7' title="bbox 266 3604 1375 3915">
     <span class='ocr_line' id='line_1_26' title="bbox 267 3604 1375 3683; baseline 0.003 -20"><span class='ocrx_word' id='word_1_153' title='bbox 267 3608 295 3663; x_wconf 81' lang='lat'>3.</span> <span class='ocrx_word' id='word_1_154' title='bbox 317 3604 419 3664; x_wconf 89' lang='lat' dir='ltr'>Sibille</span> <span class='ocrx_word' id='word_1_155' title='bbox 439 3607 474 3661; x_wconf 85' lang='lat' dir='ltr'>P.</span> <span class='ocrx_word' id='word_1_156' title='bbox 563 3606 592 3663; x_wconf 81' lang='grc'>4.</span> <span class='ocrx_word' id='word_1_157' title='bbox 613 3606 745 3664; x_wconf 86' lang='lat' dir='ltr'>Suburae</span> <span class='ocrx_word' id='word_1_158' title='bbox 765 3625 826 3683; x_wconf 79' lang='lat' dir='ltr'>pto:</span> <span class='ocrx_word' id='word_1_159' title='bbox 847 3608 992 3667; x_wconf 68' lang='lat' dir='ltr'>Snbuuae</span> <span class='ocrx_word' id='word_1_160' title='bbox 1011 3612 1046 3667; x_wconf 85' lang='lat' dir='ltr'>P.</span> <span class='ocrx_word' id='word_1_161' title='bbox 1141 3611 1169 3666; x_wconf 89' lang='grc'>6.</span> <span class='ocrx_word' id='word_1_162' title='bbox 1190 3610 1324 3667; x_wconf 83' lang='lat' dir='ltr'>miserum</span> <span class='ocrx_word' id='word_1_163' title='bbox 1346 3620 1375 3668; x_wconf 89' lang='lat' dir='ltr'>et</span> 
     </span>
     <span class='ocr_line' id='line_1_27' title="bbox 266 3684 1374 3761; baseline 0.005 -22"><span class='ocrx_word' id='word_1_164' title='bbox 266 3692 324 3739; x_wconf 90' lang='lat' dir='ltr'>tam</span> <span class='ocrx_word' id='word_1_165' title='bbox 346 3698 373 3748; x_wconf 89' lang='grc' dir='ltr'>ς.</span> <span class='ocrx_word' id='word_1_166' title='bbox 449 3685 478 3739; x_wconf 83' lang='grc'>8.</span> <span class='ocrx_word' id='word_1_167' title='bbox 500 3687 634 3741; x_wconf 87' lang='lat' dir='ltr'>saeueP.</span> <span class='ocrx_word' id='word_1_168' title='bbox 714 3689 760 3742; x_wconf 86' lang='lat'>11.</span> <span class='ocrx_word' id='word_1_169' title='bbox 781 3686 976 3761; x_wconf 88' lang='lat' dir='ltr'>matidamqne</span> <span class='ocrx_word' id='word_1_170' title='bbox 996 3688 1028 3743; x_wconf 84' lang='lat' dir='ltr'>S.</span> <span class='ocrx_word' id='word_1_171' title='bbox 1100 3690 1137 3745; x_wconf 81' lang='grc'>111</span> <span class='ocrx_word' id='word_1_172' title='bbox 1157 3684 1374 3745; x_wconf 72' lang='lat' dir='ltr'>cedato-20</span> 
     </span>
     <span class='ocr_line' id='line_1_28' title="bbox 267 3758 1354 3842; baseline 0.006 -27"><span class='ocrx_word' id='word_1_173' title='bbox 267 3758 400 3834; x_wconf 77' lang='lat' dir='ltr'>lepuntur</span> <span class='ocrx_word' id='word_1_174' title='bbox 420 3766 486 3817; x_wconf 83' lang='lat' dir='ltr'>unte</span> <span class='ocrx_word' id='word_1_175' title='bbox 505 3777 535 3815; x_wconf 85' lang='lat' dir='ltr'>u.</span> <span class='ocrx_word' id='word_1_176' title='bbox 549 3764 681 3820; x_wconf 79' lang='grc'><strong>12-15,</strong></span> <span class='ocrx_word' id='word_1_177' title='bbox 766 3764 811 3818; x_wconf 79' lang='lat'>12.</span> <span class='ocrx_word' id='word_1_178' title='bbox 833 3763 861 3818; x_wconf 94' lang='lat' dir='ltr'>in</span> <span class='ocrx_word' id='word_1_179' title='bbox 882 3764 958 3821; x_wconf 87' lang='lat' dir='ltr'>ualle</span> <span class='ocrx_word' id='word_1_180' title='bbox 979 3763 1108 3839; x_wconf 84' lang='lat' dir='ltr'>megeiae</span> <span class='ocrx_word' id='word_1_181' title='bbox 1128 3766 1162 3821; x_wconf 91' lang='lat' dir='ltr'>P.</span> <span class='ocrx_word' id='word_1_182' title='bbox 1189 3764 1304 3840; x_wconf 86' lang='lat' dir='ltr'>egeriae</span> <span class='ocrx_word' id='word_1_183' title='bbox 1323 3782 1354 3842; x_wconf 79' lang='lat' dir='ltr'>p.</span> 
     </span>
     <span class='ocr_line' id='line_1_29' title="bbox 267 3836 1289 3915; baseline 0.003 -21"><span class='ocrx_word' id='word_1_184' title='bbox 267 3846 296 3894; x_wconf 90' lang='lat' dir='ltr'>et</span> <span class='ocrx_word' id='word_1_185' title='bbox 316 3838 468 3914; x_wconf 85' lang='lat' dir='ltr'>speluncas</span> <span class='ocrx_word' id='word_1_186' title='bbox 490 3836 642 3895; x_wconf 83' lang='lat' dir='ltr'>dissimiles</span> <span class='ocrx_word' id='word_1_187' title='bbox 664 3839 739 3897; x_wconf 91' lang='lat' dir='ltr'>neris</span> <span class='ocrx_word' id='word_1_188' title='bbox 761 3839 882 3897; x_wconf 81' lang='lat' dir='ltr'>Seruius</span> <span class='ocrx_word' id='word_1_189' title='bbox 894 3840 932 3896; x_wconf 88' lang='lat' dir='ltr'>od</span> <span class='ocrx_word' id='word_1_190' title='bbox 946 3840 1157 3915; x_wconf 72' lang='lat' dir='ltr'>Vespiltpeorp.</span> <span class='ocrx_word' id='word_1_191' title='bbox 1168 3845 1211 3907; x_wconf 81' lang='lat'>11,</span> <span class='ocrx_word' id='word_1_192' title='bbox 1222 3843 1289 3900; x_wconf 73' lang='grc'><strong>4611.</strong></span> 
     </span>
    </p>

    <p class='ocr_par' dir='ltr' id='par_1_8' title="bbox 267 3913 1373 3995">
     <span class='ocr_line' id='line_1_30' title="bbox 267 3913 1373 3995; baseline 0.005 -24"><span class='ocrx_word' id='word_1_193' title='bbox 267 3923 354 3993; x_wconf 89' lang='lat' dir='ltr'>atque</span> <span class='ocrx_word' id='word_1_194' title='bbox 372 3913 525 3991; x_wconf 84' lang='lat' dir='ltr'>speluncas</span> <span class='ocrx_word' id='word_1_195' title='bbox 544 3929 571 3979; x_wconf 90' lang='grc' dir='ltr'>ς.</span> <span class='ocrx_word' id='word_1_196' title='bbox 661 3920 707 3973; x_wconf 85' lang='grc'><strong>13.</strong></span> <span class='ocrx_word' id='word_1_197' title='bbox 728 3921 911 3995; x_wconf 81' lang='lat' dir='ltr'>praesentius</span> <span class='ocrx_word' id='word_1_198' title='bbox 935 3922 1116 3993; x_wconf 77' lang='lat' dir='ltr'>Granpoeus,</span> <span class='ocrx_word' id='word_1_199' title='bbox 1129 3922 1169 3977; x_wconf 88' lang='lat' dir='ltr'>N.</span> <span class='ocrx_word' id='word_1_200' title='bbox 1185 3918 1373 3976; x_wconf 78' lang='lat' dir='ltr'>Heinsiusod</span> 
     </span>
    </p>
   </div>
   <div class='ocr_carea' id='block_1_8' title="bbox 271 3990 1372 4128">
    <p class='ocr_par' dir='ltr' id='par_1_9' title="bbox 271 3990 1372 4128">
     <span class='ocr_line' id='line_1_31' title="bbox 271 3990 1372 4128; baseline 0.003 -78"><span class='ocrx_word' id='word_1_201' title='bbox 271 3990 434 4050; x_wconf 71' lang='lat' dir='ltr'>Ouid-met.</span> <span class='ocrx_word' id='word_1_202' title='bbox 449 3993 622 4058; x_wconf 59' lang='lat' dir='ltr'>xlmam:</span> <span class='ocrx_word' id='word_1_203' title='bbox 653 3994 811 4070; x_wconf 55' lang='lat' dir='ltr'>presentius</span> <span class='ocrx_word' id='word_1_204' title='bbox 826 3996 861 4067; x_wconf 90' lang='lat' dir='ltr'>P,</span> <span class='ocrx_word' id='word_1_205' title='bbox 893 3998 1070 4071; x_wconf 83' lang='lat' dir='ltr'>prestantius</span> <span class='ocrx_word' id='word_1_206' title='bbox 1089 4015 1149 4128; x_wconf 79' lang='lat' dir='ltr'>pso,</span> <span class='ocrx_word' id='word_1_207' title='bbox 1177 3997 1372 4074; x_wconf 82' lang='lat' dir='ltr'>praestantius</span> 
     </span>
    </p>
   </div>
   <div class='ocr_carea' id='block_1_9' title="bbox 267 4066 1373 4300">
    <p class='ocr_par' dir='ltr' id='par_1_10' title="bbox 267 4066 1373 4300">
     <span class='ocr_line' id='line_1_32' title="bbox 267 4066 1373 4141; baseline 0.005 -17"><span class='ocrx_word' id='word_1_208' title='bbox 267 4069 337 4125; x_wconf 87' lang='lat' dir='ltr'>isset</span> <span class='ocrx_word' id='word_1_209' title='bbox 352 4066 458 4125; x_wconf 83' lang='lat' dir='ltr'>flumen</span> <span class='ocrx_word' id='word_1_210' title='bbox 472 4066 624 4140; x_wconf 75' lang='lat' dir='ltr'>Wakefield</span> <span class='ocrx_word' id='word_1_211' title='bbox 640 4069 678 4128; x_wconf 88' lang='lat' dir='ltr'>ud</span> <span class='ocrx_word' id='word_1_212' title='bbox 689 4073 808 4127; x_wconf 70' lang='lat' dir='ltr'>Lacerat.</span> <span class='ocrx_word' id='word_1_213' title='bbox 821 4074 847 4141; x_wconf 85' lang='grc' dir='ltr'>Ι,</span> <span class='ocrx_word' id='word_1_214' title='bbox 858 4075 925 4129; x_wconf 84' lang='grc'><strong>231.</strong></span> <span class='ocrx_word' id='word_1_215' title='bbox 1004 4074 1050 4131; x_wconf 85' lang='grc'><strong>14.</strong></span> <span class='ocrx_word' id='word_1_216' title='bbox 1072 4073 1201 4131; x_wconf 85' lang='lat' dir='ltr'>cuderet</span> <span class='ocrx_word' id='word_1_217' title='bbox 1212 4076 1269 4138; x_wconf 76' lang='grc' dir='ltr'>Ρςε</span> <span class='ocrx_word' id='word_1_218' title='bbox 1289 4072 1373 4129; x_wconf 86' lang='lat' dir='ltr'>clau-</span> 
     </span>
     <span class='ocr_line' id='line_1_33' title="bbox 267 4144 1372 4300; baseline 0.009 -101"><span class='ocrx_word' id='word_1_219' title='bbox 267 4144 477 4300; x_wconf 50' lang='lat' dir='ltr'>dbldtlbl’lbo.</span> <span class='ocrx_word' id='word_1_220' title='bbox 503 4148 550 4203; x_wconf 87' lang='grc'><strong>16.</strong></span> <span class='ocrx_word' id='word_1_221' title='bbox 570 4145 638 4203; x_wconf 88' lang='lat' dir='ltr'>hine</span> <span class='ocrx_word' id='word_1_222' title='bbox 658 4149 792 4223; x_wconf 80' lang='lat' dir='ltr'>Ruperti.</span> <span class='ocrx_word' id='word_1_223' title='bbox 874 4152 1070 4209; x_wconf 78' lang='lat' dir='ltr'>constenebat</span> <span class='ocrx_word' id='word_1_224' title='bbox 1089 4150 1231 4209; x_wconf 77' lang='lat' dir='ltr'>Doriscos</span> <span class='ocrx_word' id='word_1_225' title='bbox 1246 4147 1286 4206; x_wconf 81' lang='lat' dir='ltr'>od</span> <span class='ocrx_word' id='word_1_226' title='bbox 1300 4153 1372 4209; x_wconf 72' lang='lat' dir='ltr'>Tuo.</span> 
     </span>
    </p>
   </div>
   <div class='ocr_carea' id='block_1_10' title="bbox 0 0 1518 4859">
    <p class='ocr_par' dir='ltr' id='par_1_11' title="bbox 0 0 1518 4859">
     <span class='ocr_line' id='line_1_34' title="bbox 0 0 1518 4859; baseline 0 3"><span class='ocrx_word' id='word_1_227' title='bbox 0 0 1518 4859; x_wconf 95' lang='lat' dir='ltr'> </span> 
     </span>
    </p>
   </div>
  </div>
 </body>
</html>
