3025 4859
239 342 287 415 32
612 352 647 405 o.
666 350 754 406 uun
772 349 968 404 rvvnurnrs

238 525 391 616 sanguine
413 520 516 589 adhuc
539 523 615 589 uiuo
637 530 755 587 terram
777 518 920 587 subitura
942 519 1100 587 sacerdos.

238 635 295 703 sed
317 656 402 701 nunc
424 631 463 701 de
484 633 575 699 lactis
597 631 771 699 leuioribus
792 669 837 679 —
858 639 890 697 et
912 640 1019 698 tamen
1042 628 1123 697 alter

239 746 265 813 si
288 744 415 811 fecisset
436 741 535 823 idern,
558 742 688 809 caderet
709 742 770 809 sub
792 741 896 809 iudice
917 765 1058 824 morum,

238 879 312 923 nam
336 853 420 945 quod
444 861 536 945 turpe
557 850 663 933 bonis,
686 850 772 920 Titio
794 851 950 944 Seioque,
973 852 1109 920 decebat

239 964 422 1057 Crispinum
443 1000 486 1013 —
508 962 584 1055 quid
607 986 699 1056 agas,
719 986 794 1029 curn
817 963 883 1030 dira
907 971 939 1029 et
960 963 1083 1031 foedior
1105 964 1192 1030 omni

238 1077 369 1144 crimine
391 1096 528 1167 persona
550 1071 625 1141 est?
655 1071 790 1138 mullum
812 1096 871 1139 sex
893 1073 1020 1142 milibus
1043 1076 1133 1155 emit,

239 1193 429 1277 aequantem
452 1206 529 1250 sane
550 1181 680 1274 paribus
703 1186 849 1251 sestertia
870 1184 971 1267 libris,

239 1306 275 1363 ut
296 1293 463 1388 perhibent
485 1296 540 1388 qui
562 1295 601 1361 de
623 1298 746 1389 magnis
768 1298 890 1363 maiora
910 1295 1093 1389 loquuntur.

239 1406 406 1475 consilium
427 1404 523 1471 laudo
546 1404 688 1489 artificis,
711 1409 737 1473 si
759 1430 892 1475 munere
915 1415 1003 1474 tanto

238 1518 442 1610 praecipuam
464 1516 496 1582 in
519 1516 634 1583 tabulis
658 1540 764 1585 ceram
786 1521 870 1585 senis
892 1516 1022 1584 abstulit
1043 1516 1127 1599 orbi;

240 1636 289 1695 est
310 1630 390 1696 ratio
412 1627 556 1707 ulterior,
579 1650 714 1721 magnae
737 1630 764 1695 si
784 1630 870 1696 misit
891 1629 1026 1709 amicae,

240 1762 322 1832 quae
344 1737 471 1807 uehitur
492 1736 582 1806 cluso
604 1738 676 1805 latis
699 1738 919 1830 specularibus
940 1747 1040 1805 antro.

239 1849 284 1917 nil
305 1847 368 1915 tale
391 1857 575 1941 exspectes,
598 1848 675 1914 emit
697 1848 765 1915 sibi.
798 1849 899 1917 multa
920 1850 1081 1931 uidemus,

240 1983 322 2053 quae
344 1960 439 2027 miser
462 1967 494 2025 et
517 1960 600 2051 frugi
622 1982 686 2027 non
709 1960 785 2027 lecit
805 1960 945 2053 Apicius.
974 1960 1037 2027 hoc
1059 1967 1095 2026 tu

241 2071 422 2139 succinctus
444 2070 545 2163 patria
568 2069 743 2162 quondam,
768 2072 929 2165 Crispine,
951 2092 1090 2163 papyro,

239 2182 302 2250 hoc
323 2183 426 2273 pretio
449 2179 628 2271 squamam!
659 2184 764 2273 potuit
785 2185 919 2250 tortasse
939 2182 1070 2249 minoris

239 2292 392 2385 piscator,
414 2314 511 2382 quam
532 2292 641 2382 piscis,
665 2294 742 2375 emi;
765 2294 930 2385 prouincia
951 2294 1030 2359 tanti

239 2404 349 2471 uendit
370 2424 480 2494 agros,
503 2402 560 2469 sed
582 2403 718 2470 maiores
741 2402 857 2495 Apulia
879 2402 997 2471 uendit.

241 2513 351 2607 quales
375 2522 450 2581 tunc
473 2512 583 2604 epulas
606 2516 712 2605 ipsum
734 2514 881 2606 gluttisse
902 2522 1052 2606 putamus

239 2623 512 2716 induperatorem,
536 2646 610 2691 cum
633 2633 679 2692 tot
702 2624 848 2693 sestertia
869 2634 992 2717 partem

240 2734 389 2828 exiguam
411 2742 444 2803 et
465 2734 611 2805 modicae
633 2744 794 2829 sumptam
816 2736 856 2803 de
878 2737 1021 2829 margine
1043 2756 1142 2805 cenae
1305 2748 1346 2804 30

240 2965 273 3021 11
287 2979 331 3037 sq.
353 2968 381 3019 et
392 2992 428 3001 —
438 2980 548 3018 morum
562 2961 705 3018 Prtsetoa.
716 2962 789 3030 ΧΗ,
802 2962 828 3027 5,
839 2964 873 3019 21
889 2980 918 3038 p.
929 2961 996 3019 945.
1075 2962 1122 3019 13.
1142 2962 1187 3018 lo.
1199 2960 1345 3021 Soresder.

237 3043 264 3109 1,
275 3039 302 3096 4.
400 3036 529 3115 Seioque
553 3042 636 3096 Dora.
651 3036 835 3094 Goldertaua:
862 3038 1004 3171 Serioque
1024 3040 1085 3095 Por.
1116 3036 1186 3095 Seio
1206 3040 1346 3116 Titioque

238 3120 284 3175 lo.
300 3114 413 3173 Soreslr.
512 3115 625 3173 decebit
645 3114 956 3173 lamentacione
977 3156 984 3171 .
1082 3118 1129 3172 15.
1149 3115 1266 3173 mullum
1286 3136 1346 3192 pro:

238 3192 357 3251 multum
373 3196 406 3261 P,
432 3194 538 3251 rnulurn
559 3209 586 3258 ς.
714 3195 762 3249 16.
788 3193 812 3248 is
834 3212 903 3249 sane
918 3192 948 3265 f,
973 3193 1073 3250 insane
1094 3195 1134 3249 N.
1151 3195 1289 3250 Haustus
1307 3192 1347 3251 od

239 3273 357 3328 Patron.
369 3274 387 3329 1
397 3288 426 3348 p.
435 3274 501 3330 250.
526 3272 670 3329 Graculus
681 3285 744 3345 epp.
756 3273 825 3328 ΠΗ
836 3289 864 3344 p.
875 3274 942 3327 723.
1020 3271 1154 3327 sestertia
1172 3288 1234 3347 por:
1253 3280 1345 3329 seler-

238 3348 278 3405 tia
299 3351 333 3405 P.
412 3352 459 3407 17.
480 3349 678 3425 peribentPS.
734 3345 894 3437 'locuntur
913 3345 1040 3480 ulcelpd.
1076 3426 1082 3439 ι
1119 3350 1166 3405 18.
1188 3349 1212 3439 si
1228 3366 1346 3407 munere

240 3424 355 3497 PSofr5=
375 3426 403 3482 in
424 3444 541 3483 munere
561 3422 696 3500 plodqu,
716 3442 740 3480 sr
761 3442 790 3480 rn
810 3442 928 3481 munere
949 3442 981 3480 eo
1004 3422 1213 3482 auocauere
1226 3430 1253 3483 1.

238 3506 286 3560 21.
308 3502 457 3569 elusone:
478 3502 577 3558 clauso
598 3520 633 3559 ω.
660 3502 726 3557 tuso
740 3532 777 3543 ·-
792 3520 862 3557 auro
883 3499 1030 3559 Schrader.
1108 3506 1156 3559 22.
1178 3502 1346 3561 Seruiueod

241 3578 347 3653 Vergit.
358 3581 429 3637 Aea.
440 3582 490 3649 Vl,
504 3579 567 3636 104.
670 3583 718 3635 23.
739 3578 813 3635 lraec
833 3595 856 3634 o.
880 3576 1104 3713 Maritoadaep.
1118 3581 1183 3636 crit.
1194 3584 1298 3656 p.152.

239 3658 286 3714 24.
307 3654 413 3713 Pharia
434 3655 578 3732 quondam
597 3653 767 3713 Mart-tund.
780 3654 800 3713 t.
812 3654 832 3712 l.
852 3654 889 3727 cf.
902 3655 1070 3714 Sclrrodoro
1104 3674 1186 3714 erosa
1198 3663 1280 3732 plat.

239 3736 287 3791 25.
309 3734 421 3811 praetio
433 3732 496 3791 PS:
517 3734 638 3811 pretium
657 3751 692 3790 aa.
773 3724 817 3789 ι8.
831 3726 954 3809 piscern’
970 3732 1058 3791 aclrol.
1077 3726 1238 3810 ‘squamam
1253 3740 1346 3791 aarum

238 3828 291 3887 pro
305 3813 381 3885 piaco
399 3805 481 3869 diott'
499 3808 595 3869 Vallo.
621 3828 770 3886 squamam
794 3809 1234 3887 Croarcrueodsclrol.p.124:
1256 3828 1345 3889 squa-

238 3906 303 3945 mae
324 3891 390 3955 Ρω,
411 3906 546 3965 squamas
567 3886 708 3945 Doriscos
720 3886 757 3945 od
772 3887 864 3944 Tacit.
877 3906 943 3944 uara.
954 3890 1032 3944 XIV
1042 3908 1071 3965 p.
1083 3892 1150 3947 762.
1171 3892 1306 3966 Ruperti.

238 3968 286 4021 26.
307 3966 451 4042 prouintia
466 3968 515 4022 Pe.
594 3968 641 4023 27.
663 3984 750 4042 apros
763 3968 800 4020 Η.
817 3962 960 4033 Valesius,
972 3969 1145 4023 Honoratus.
1223 3977 1252 4024 et
1270 3971 1346 4024 Hea-

237 4043 348 4099 otaiua.
425 4042 540 4101 maioris
555 4041 614 4099 cod.
626 4043 817 4099 Monacensis
825 4044 884 4098 260
893 4038 929 4099 Σ.
951 4042 1004 4099 sed
1020 4045 1136 4102 maioris
1146 4040 1263 4102 Aurelia
1278 4048 1347 4102 Fer·

237 4121 338 4175 romae
351 4118 445 4179 olectt.
457 4122 541 4191 l,18.
607 4121 654 4177 28.
675 4136 751 4174 nune
771 4136 799 4185 ς.
868 4118 989 4197 aepulas
1000 4123 1059 4179 ΡΒ.
1129 4125 1346 4201 putamusPorc

238 4205 371 4275 putemus
392 4212 419 4265 ς.
497 4200 544 4257 29.
565 4196 807 4273 endoperatorem
828 4194 887 4254 cod.
903 4200 1101 4259 marmora.
