3025 4859
595 377 741 435 strvltn
759 377 819 432 XV.

150 543 319 626 sufficeret,
341 553 445 612 toturn
468 545 605 612 corrosis
628 543 753 612 ossibus
777 544 841 611 edit

149 657 265 724 uictrix
287 653 394 738 turba3
416 679 475 724 nec
499 655 620 722 ardenti
644 655 772 722 decoxit
795 679 874 723 aeno

149 776 206 834 aut
227 765 363 846 neribus,
384 765 517 859 longum
538 789 641 856 usque
664 766 744 833 adeo
768 769 957 862 tardumque
979 769 1103 862 putauit

152 885 323 968 expectare
345 878 444 959 locos,
467 884 615 944 contenta
639 877 796 946 cadauere
819 880 927 947 crudo.

149 989 202 1057 hic
223 988 364 1081 gaudere
385 987 471 1068 libet,
494 988 580 1078 quod
602 1009 665 1054 non
689 988 856 1055 uiolauerit
876 991 992 1080 ignem,

153 1123 250 1190 quem
272 1121 396 1165 summa
419 1096 499 1164 caeli
519 1107 646 1188 raptum
668 1097 708 1164 dc
730 1108 821 1188 parte
843 1097 1053 1168 Prometheus
1221 1115 1261 1171 85

153 1207 284 1276 donauit
305 1210 405 1274 terris.
428 1206 586 1275 elemento
609 1206 752 1300 gratulor
774 1217 807 1275 et
829 1217 861 1276 te

151 1317 295 1386 exultare
317 1341 398 1385 reor.
432 1319 489 1385 sed
511 1321 566 1409 qui
586 1318 734 1385 mordere
757 1319 896 1387 cadauer

151 1430 306 1509 sustinuit,
328 1427 373 1494 nil
396 1451 547 1519 umquam
567 1426 629 1495 hac
651 1451 746 1496 carne
769 1429 916 1498 libentius
939 1432 1011 1499 edit.

150 1562 226 1607 nam
248 1536 369 1606 scelere
390 1539 423 1605 in
444 1546 532 1605 tanto
554 1562 596 1605 ne
618 1562 753 1629 quaeras
776 1549 808 1606 ct
831 1541 955 1609 dubites
977 1565 1018 1610 an

148 1651 250 1743 prima
272 1647 470 1739 uoluptatem
493 1647 568 1740 gula
591 1652 740 1733 senserit3
763 1649 892 1718 ultimus
915 1660 1032 1732 autem,
1218 1671 1259 1724 90

149 1763 205 1852 qui
226 1761 312 1826 stetit
334 1756 501 1850 absumpto
523 1760 587 1824 iam
610 1769 677 1827 toto
701 1783 845 1852 corpore,
868 1761 970 1828 ductis

149 1894 208 1963 per
231 1879 348 1936 terram
370 1868 473 1959 digitis
496 1866 613 1958 aliquid
635 1871 675 1939 de
697 1872 851 1963 sanguine
873 1879 989 1963 gustat.

149 1977 325 2061 Vascones,
348 1977 428 2045 haec
450 1979 532 2045 lama
556 1989 613 2060 est,
636 1980 792 2048 alimentis
814 1980 929 2048 talibus
951 1982 1027 2050 olim

150 2090 334 2183 produxere
356 2089 492 2156 animas:
516 2089 573 2156 sed
596 2113 647 2157 res
670 2091 803 2172 diuersa,
826 2091 882 2158 sed
902 2089 966 2159 illic

149 2204 296 2269 fortunae
318 2200 436 2267 inuidia
459 2208 508 2266 cst
528 2199 749 2291 bellorumque
773 2199 890 2281 ultima,
915 2223 1007 2269 casus
1219 2219 1258 2275 95

151 2312 295 2390 extremi,
317 2308 432 2402 longae
456 2310 521 2377 dira
545 2307 714 2375 obsidionis
737 2319 872 2401 egestas.

149 2422 244 2490 huius
266 2421 359 2501 enim,
381 2419 467 2510 quod
488 2441 573 2486 nunc
596 2419 707 2509 agitur,
731 2419 909 2488 miserabile
933 2422 1027 2490 debet

152 2531 336 2624 exemplum
359 2554 430 2597 esse
452 2529 522 2609 cibi,
546 2529 745 2596 sicutmodo
770 2529 853 2596 dicta
876 2531 951 2597 mihi
973 2556 1053 2624 gens

151 2653 226 2737 post
247 2665 359 2710 omnes
380 2639 506 2719 herbas,
528 2646 603 2728 post
625 2647 739 2705 cuncta
757 2639 913 2721 animaha,
936 2643 1087 2734 quidquid

153 2753 291 2847 cogebat
312 2753 406 2819 uacui
428 2748 547 2816 uentris
570 2749 666 2829 luror,
688 2747 832 2816 hostibus
854 2752 930 2842 ipsis
1199 2771 1260 2825 100

149 2861 306 2955 pallorem
328 2885 367 2929 ac
387 2862 522 2927 maciem
545 2868 578 2926 et
599 2868 712 2927 tenues
733 2860 954 2928 miserantibus
977 2871 1073 2944 artrrs,

150 2972 294 3039 membra
316 2969 417 3038 aliena
440 2971 523 3036 lame
544 2967 735 3051 lacerabant,
759 2993 829 3037 csse
850 2974 952 3062 parati

152 3089 186 3149 et
207 3104 272 3150 sua.
308 3082 453 3172 quisnam
474 3079 638 3148 hominum
660 3083 787 3149 ueniam
809 3083 884 3150 dare
908 3084 1020 3175 quisue
1043 3083 1175 3153 deorum

152 3191 316 3260 uentribus
338 3190 492 3258 abnueret
514 3191 581 3256 dira
603 3199 697 3282 atque
719 3194 856 3262 inmania
878 3195 989 3285 passis,

152 3311 184 3370 et
206 3301 320 3393 quibus
340 3299 468 3366 illorum
488 3308 635 3389 poterant
654 3302 825 3391 ignoscere
844 3326 962 3385 manes,
1199 3321 1259 3375 105

152 3435 289 3504 quorum
302 3409 497 3502 corporibus
520 3409 754 3477 uescebantur?
777 3411 888 3479 melius
911 3437 970 3480 nos

152 3680 200 3735 81.
226 3693 414 3734 nec-neno
439 3677 561 3734 serarius
576 3674 615 3733 acl
635 3680 715 3751 Very.
732 3677 807 3734 Aen.
824 3684 867 3747 Η,
885 3681 951 3738 610.
1109 3689 1155 3744 82,
1183 3689 1262 3746 ueri.

152 3755 205 3809 bus
224 3751 415 3827 Psobcclfycn:
435 3755 559 3810 uernbus
579 3769 606 3819 ς.
693 3758 740 3812 85.
762 3753 933 3813 Promethea
953 3763 987 3816 P.
1085 3765 1122 3819 86
1135 3781 1178 3840 sq.
1199 3765 1259 3824 ele-

152 3840 365 3888 mento—-reor
383 3827 579 3903 arauriuhubct
592 3831 724 3888 Orellius.
901 3838 948 3892 93.
970 3836 1043 3894 haec
1062 3841 1103 3895 P:
1124 3851 1154 3896 ut
1174 3859 1210 3910 ur,
1231 3854 1262 3898 ut

151 3907 225 3964 baec
243 3904 267 3976 f.
346 3914 390 3962 est
409 3923 463 3963 am.
475 3921 502 3972 ς.
582 3907 723 3966 alimentis
745 3927 805 3985 pria:
826 3908 975 3969 elementis
996 3917 1031 3971 P.
1120 3918 1187 3974 olim
1207 3919 1261 3991 Pf:

151 3983 195 4038 nsi
215 4000 250 4038 ω.
329 3986 419 4057 ltlsq.
440 3985 559 4057 spurios
570 3993 661 4041 censet
674 3986 831 4044 Fruncbius
841 4006 887 4063 qia
903 3987 955 4047 alt.
968 3995 1031 4066 aab.
1092 3997 1157 4051 102.
1171 4013 1260 4052 mem-

151 4061 306 4116 bra-sua
320 4060 464 4116 Priscian.
482 4062 531 4127 Vl,
544 4065 589 4130 11,
601 4065 638 4120 59
649 4064 751 4137 arat.
769 4067 835 4134 Vll,
849 4068 893 4134 14,
904 4069 941 4124 72
950 4071 1051 4144 pass.
1112 4075 1176 4128 104.
1189 4090 1263 4128 tren-

150 4137 240 4193 tribus
260 4138 298 4192 11.
314 4133 464 4193 Valesius:
485 4137 592 4193 uiribus
612 4141 673 4207 Par,
693 4141 810 4196 urbibus
831 4159 858 4209 ς.
1028 4147 1167 4204 abnueret
1185 4150 1261 4216 Ροςε

149 4213 282 4270 abnuerit
302 4229 337 4269 ω.
417 4215 483 4270 106.
505 4224 659 4271 uescantur
678 4216 731 4273 sed
751 4217 853 4275 melius
874 4219 954 4294 hooc.

954 4319 1019 4384 11¹·
