3025 4859
253 396 326 475 106
584 426 591 446 κ
626 408 661 465 n.
680 408 768 463 nnn
786 402 982 461 rvvrmsurs

251 578 426 671 strangulat
449 586 480 645 et
502 585 616 645 cuncta
639 597 819 667 exuperans
841 572 1029 665 patrimonia
1051 591 1177 649 census,

250 699 368 782 quanto
392 687 546 781 delphinis
569 686 712 755 ballaena
735 686 916 753 Britannica
940 686 1050 752 maior.

251 801 445 893 temporibus
468 800 541 867 diris
563 802 659 891 igitur
678 802 831 890 iussuque
852 796 990 865 Neronis

249 909 430 1003 Longinum
453 918 485 977 et
506 933 639 1003 magnos
663 910 808 977 Senecae
830 907 1013 1002 praediuitis
1034 906 1145 974 hortos

249 1021 371 1103 elausit,
394 1030 426 1088 et
449 1024 594 1114 egregias
615 1019 846 1089 Lateranorum
870 1019 994 1087 obsidet
1014 1015 1111 1084 aedes

249 1141 316 1199 tota
339 1131 464 1213 cohors,
485 1154 574 1199 rarus
598 1134 684 1199 uenit
705 1134 737 1201 in
760 1128 912 1199 cenacula
935 1127 1036 1196 miles.

248 1265 350 1335 pauca
372 1240 446 1310 licet
465 1252 572 1335 portes
595 1246 717 1335 argenti
739 1240 870 1311 uascula
891 1242 970 1332 puri,

249 1363 343 1422 noete
365 1356 424 1421 iter
445 1356 606 1446 ingressus
628 1354 770 1447 gladium
792 1361 986 1441 contumque
1008 1349 1134 1417 timebis

249 1472 282 1530 et
303 1474 409 1532 motae
432 1466 471 1533 ad
493 1465 601 1533 lunam
625 1464 794 1557 trepidabis
815 1462 999 1531 harundinis
1020 1459 1165 1543 umbras3

249 1575 387 1642 cantabit
410 1598 531 1643 uacuus
555 1599 662 1644 coram
684 1576 807 1643 latrone
829 1577 941 1641 uiator.

248 1687 348 1777 prima
372 1687 438 1754 lere
462 1693 537 1754 uota
560 1697 592 1754 et
613 1688 734 1756 cunctis
757 1687 920 1754 notissima
942 1684 1067 1776 templis

249 1796 386 1879 diuitiae,
409 1805 554 1865 crescant
576 1806 611 1865 ut
633 1820 720 1889 opes,
743 1807 778 1865 ut
800 1798 939 1863 maxima
961 1804 1028 1862 toto

247 1915 354 1974 nostra
378 1908 418 1974 sit
439 1931 512 1975 arca
535 1911 614 1977 loro.
647 1910 704 1976 sed
725 1907 812 1975 nulla
835 1908 960 1976 aconita
980 1905 1130 1973 bibuntur

248 2015 409 2099 fictilibus;
434 2028 510 2085 tunc
532 2018 583 2085 illu
607 2020 693 2099 time,
714 2042 790 2086 cum
811 2018 928 2110 pocula
950 2040 1059 2085 sumes

248 2137 407 2219 gemmata
432 2137 463 2195 et
485 2126 549 2194 lato
572 2128 718 2197 Setinum
740 2128 861 2195 ardebit
882 2130 914 2195 in
936 2151 1023 2195 auro.

247 2237 351 2305 iamne
373 2238 467 2329 igitur
488 2238 608 2320 laudas,
631 2240 717 2331 quod
740 2240 781 2305 ‹le
804 2237 997 2329 sapientibus
1018 2237 1098 2306 alter

246 2346 379 2428 ridebat,
403 2351 549 2439 quotiens
572 2350 613 2417 de
633 2348 740 2416 limine
763 2358 909 2416 mouerat
931 2372 1029 2416 unum

247 2457 485 2550 protuleratque
508 2460 632 2550 pedem,
654 2459 750 2527 llebat
773 2462 948 2528 contrarius
971 2460 1109 2530 auctor?

247 2569 303 2635 sed
327 2567 426 2636 facilis
449 2572 548 2638 cuiuis
571 2570 661 2663 rigidi
684 2594 818 2638 censura
840 2570 999 2655 cachinni;

246 2680 424 2748 mirandum
449 2689 505 2760 est,
529 2682 612 2748 unde
634 2680 687 2749 ille
710 2682 811 2750 oculis
832 2684 996 2751 sullecerit
1015 2706 1118 2752 umor.

246 2800 400 2881 perpetuo
423 2792 487 2858 risu
511 2791 695 2882 pulmonem
718 2794 838 2882 agitare
859 2792 984 2861 solebat

244 2899 460 2983 Democritus,
483 2926 675 2995 quamquam
699 2926 763 2970 non
786 2912 894 2970 essent
915 2904 1045 2974 urbibus
1067 2907 1129 2976 illis

245 3021 411 3104 praetexta
434 3021 466 3078 et
487 3013 615 3082 trabeae
638 3017 741 3081 lances
761 3012 876 3082 lectica
898 3016 1043 3085 tribunal

246 3121 322 3211 quid
344 3123 370 3187 si
390 3122 522 3191 uidisset
543 3134 724 3216 praetorem
747 3126 892 3194 curribus
915 3126 985 3193 altis

245 3240 424 3301 exstantem
446 3244 478 3301 et
499 3236 595 3303 medii
616 3236 784 3304 sublimem
806 3236 939 3329 puluere
960 3239 1036 3306 circi

246 3375 293 3429 13.
315 3391 477 3451 exuperans
498 3375 551 3433 Pd.
632 3376 667 3435 14
681 3380 823 3434 Petreium
837 3379 888 3448 Vl,
900 3382 937 3435 25
948 3382 1050 3450 poso.
1148 3377 1353 3455 ballenaadfp,

244 3448 375 3507 tra-lena.
394 3455 428 3509 P.
514 3453 665 3511 britannica
686 3458 722 3526 P,
744 3455 896 3513 brittanicae
915 3454 979 3533 819.
1077 3460 1124 3515 16.
1144 3457 1270 3533 Longini
1289 3460 1354 3515 Re-

243 3528 330 3658 perti.
390 3547 460 3605 prae
481 3529 588 3586 diuitiis
609 3532 643 3588 P.
703 3531 802 3586 hortos
822 3550 886 3607 pro:
905 3532 1004 3590 lrorsos
1025 3535 1059 3589 P.
1145 3538 1194 3591 21.
1214 3536 1334 3592 motas.

254 3602 414 3662 rarundinis
434 3604 502 3681 pr.
591 3611 706 3665 umbras
726 3607 838 3679 Pacifer
858 3612 985 3667 umbram
1006 3628 1042 3665 ω.
1159 3616 1208 3669 22.
1230 3612 1356 3669 cantabit

245 3698 353 3737 uacuus
373 3682 461 3741 sobal.
473 3688 586 3742 Lucani
600 3688 684 3756 Vlll,
697 3690 744 3745 ro.
842 3690 889 3744 24.
911 3686 1029 3743 diuitiae
1048 3698 1077 3745 et
1098 3697 1228 3747 crescant
1252 3686 1356 3747 Iacobo

245 3757 410 3827 (Matthias
421 3762 498 3819 misc.
510 3760 580 3836 pbtl.
591 3767 609 3822 1
618 3764 715 3837 nott
837 3767 923 3838 250q.
944 3762 996 3823 sed
1007 3796 1045 3805 —
1058 3764 1192 3823 fictilibus
1213 3768 1354 3824 maun

248 3838 418 3903 V111‚2‚1o
450 3842 532 3898 Aeo.
619 3844 667 3897 29.
687 3840 723 3897 de
745 3840 841 3897 limine
861 3844 900 3898 Pe
921 3860 938 3898 a
959 3842 1054 3900 limine
1075 3862 1100 3899 ω
1123 3841 1356 3918 Oudendorp.od

249 3912 328 3969 Gaas.
341 3911 364 3968 b.
380 3854 458 3972 call.
470 3918 571 3986 11,2t.
641 3920 687 3974 30.
710 3926 811 3975 auctor
829 3918 906 3992 Ppb:
928 3917 1001 3978 alter
1020 3938 1056 3977 ω.
1114 3925 1162 3977 31.
1184 3920 1275 3976 cuiuis
1294 3938 1354 3995 pso:

245 3990 326 4046 errius
347 3994 380 4048 P.
446 3996 493 4051 32.
516 4012 597 4051 urnor
616 3992 682 4069 pr.
748 3998 796 4053 31.
816 4006 914 4053 essent
933 3999 999 4053 Pro:
1019 4007 1097 4055 esset
1115 4014 1162 4071 pe.
1226 3999 1273 4055 35.
1295 4006 1354 4054 tra·

245 4067 317 4125 beae
337 4085 371 4142 p:
391 4071 497 4129 rubeae
517 4074 551 4128 P.
674 4078 722 4131 36.
743 4074 771 4130 in
792 4075 921 4129 curribus
942 4088 969 4140 ς.
1092 4078 1137 4133 37.
1158 4082 1303 4132 extantem
1322 4091 1353 4149 92

245 4152 367 4201 stantem
378 4144 442 4220 dgr.
508 4147 656 4207 sublimem
668 4170 693 4206 ar
706 4148 928 4209 Baisronadeod
938 4151 1095 4210 Herodian.
1106 4154 1207 4228 paor.
1228 4154 1355 4226 Pinzger

246 4215 279 4274 ds
298 4237 453 4298 oss.spur.
470 4229 616 4301 p.1llsq.:
646 4228 787 4286 sublimen
808 4230 842 4299 P,
863 4226 1013 4287 sublimem
1033 4231 1062 4288 ia
1080 4246 1128 4305 95.
1231 4232 1354 4306 dmut-

244 4297 585 4380 riamiudiaatltaperti.
