3025 4859
596 346 745 401 sATvRA
761 346 807 400 111.

139 514 300 608 Esquilias
322 515 508 607 dictumque
529 522 643 606 petunt
665 539 683 583 a
705 516 823 585 uimine
847 517 973 600 collem,

139 631 266 697 uiscera
289 648 479 717 magnarum
501 626 656 694 domuum
679 628 860 720 dominique
882 629 988 697 futuri.

138 740 305 830 ingenium
326 735 434 817 uelox,
456 736 589 804 audacia
611 738 743 828 perdita,
767 762 872 807 sermo

138 857 309 941 promptus
332 858 364 916 et
386 846 476 915 lsaeo
499 849 677 915 torrentior.
721 849 790 931 ede,
814 850 889 941 quid
910 848 1002 917 illum

140 985 210 1029 esse
232 956 351 1053 putes?
382 983 479 1051 quem
501 960 550 1027 uis
571 956 734 1027 hominem
755 984 867 1029 secum
889 960 993 1028 attulit
1015 961 1055 1029 ad
1078 982 1152 1041 nos,
1210 966 1250 1026 75

139 1072 368 1165 grammaticus
390 1070 499 1138 rhetor
520 1079 702 1163 geometres
724 1072 828 1163 pictor
851 1072 964 1164 aliptes

140 1206 243 1275 augur
266 1180 500 1249 schoenobates
521 1181 665 1249 medicus
687 1206 817 1275 magus,
838 1184 943 1251 omnia
965 1184 1056 1251 nouit

140 1290 322 1362 Graeculus
345 1293 497 1373 esuriens,
519 1294 551 1358 in
574 1292 707 1373 caelum,
729 1294 869 1389 iusseris,
891 1294 963 1377 ibit3

139 1407 170 1470 in
192 1424 331 1482 summa,
353 1426 418 1470 non
438 1402 570 1470 lllaurus
593 1413 662 1471 erat
683 1427 787 1495 neque
810 1405 957 1473 Sarmata
972 1426 1033 1471 nec
1057 1402 1181 1482 Thrax,

140 1517 194 1606 qui
216 1515 356 1604 sumpsit
377 1516 497 1605 pinnas,
520 1514 632 1581 mediis
654 1516 711 1582 sed
732 1524 826 1583 natus
848 1516 989 1583 Athenis.
1208 1520 1249 1576 80

139 1625 256 1693 horum
281 1648 341 1717 ego
364 1648 429 1693 non
449 1626 570 1717 logiam
592 1624 782 1716 conchylia?
803 1648 856 1694 me
878 1626 965 1719 prior
985 1622 1039 1691 ille

139 1736 278 1830 signabit
300 1734 463 1828 lultusque
485 1744 555 1802 toro
577 1735 709 1804 meliore
732 1736 912 1819 recumbet,

140 1849 297 1915 aduectus
318 1844 455 1913 Romam
477 1869 541 1939 quo
564 1870 666 1937 pruna
690 1856 723 1914 et
744 1856 874 1915 cottona
896 1845 1017 1916 uento?

139 1982 242 2051 usque
265 1958 347 2025 adeo
370 1956 447 2023 nihil
470 1966 527 2037 est,
550 1959 638 2048 quod
659 1966 769 2026 nostra
789 1958 918 2025 infantia
941 1955 1066 2025 caelum

86 2096 90 2099 ’
139 2069 243 2137 hausit
265 2068 415 2135 Auentini
437 2067 518 2135 baca
538 2070 656 2135 nutrita
678 2068 820 2137 Sabina?
1208 2070 1248 2130 85

142 2182 215 2274 quid
239 2180 328 2273 quod
350 2177 498 2246 adulandi
521 2202 600 2272 gens
621 2180 869 2271 prudentissima
891 2180 1001 2247 laudat

142 2313 325 2359 sermonem
346 2290 474 2371 indocti,
497 2291 611 2357 [aciem
634 2290 783 2358 deformis
806 2293 907 2372 amici,

142 2412 173 2470 et
193 2402 330 2494 longum
351 2402 479 2470 inualidi
501 2400 620 2469 collum
642 2399 821 2469 ceruicibus
843 2409 959 2494 aequat

142 2513 290 2583 Herculis
310 2514 471 2580 Antaeum
491 2512 605 2604 procul
626 2536 644 2579 a
666 2511 781 2579 tellure
803 2514 947 2592 tenentis,

141 2628 274 2693 miratur
296 2647 413 2692 uocem
433 2632 611 2717 angustam,
634 2647 698 2716 qua
720 2624 860 2689 deterius
881 2644 942 2689 nec

141 2736 192 2804 ille
214 2744 317 2817 sonat,
341 2758 406 2826 quo
428 2734 593 2803 mordetur
614 2733 731 2827 gallina
752 2735 876 2801 marito.

141 2845 219 2915 haec
243 2845 357 2914 eadem
378 2844 454 2914 licet
476 2856 509 2914 et
530 2844 623 2914 nobis
644 2845 789 2925 laudare,
814 2844 871 2913 sed
893 2844 952 2911 illis

143 2959 289 3026 ereditur.
333 2980 374 3025 an
396 2957 517 3039 melior,
540 2980 614 3024 cum
637 2956 759 3025 Thaida
781 2957 924 3037 sustinet,
947 2962 1002 3022 aut
1025 2976 1099 3021 cum

140 3194 186 3249 72.
206 3191 354 3249 moiun.
367 3194 434 3260 VH,
446 3194 473 3260 6,
484 3195 522 3250 27
536 3192 640 3268 prta.
720 3192 831 3248 uiscera
846 3204 1013 3263 magnarum
1031 3186 1166 3242 domuum
1182 3184 1250 3242 Ser·

141 3271 204 3325 otus
216 3266 255 3325 ud
273 3270 355 3343 Verp.
367 3270 438 3326 Aen.
450 3272 494 3341 II,
506 3271 573 3329 445.
598 3268 751 3327 Gledoaioo
761 3287 790 3345 p.
799 3270 883 3326 1903.
904 3265 1173 3341 Pompeiusp.219.

142 3350 186 3403 75.
206 3364 274 3403 esse
286 3347 368 3403 iubes
378 3347 522 3406 Heinrich.
580 3351 629 3406 76.
645 3346 782 3403 rethorP.
841 3348 890 3403 77.
907 3346 1002 3400 omnia
1014 3342 1096 3397 nobis
1105 3337 1252 3397 Heinrich.

142 3426 187 3480 78.
206 3423 327 3479 iusseris
346 3442 406 3500 pro:
427 3426 526 3481 aseris
541 3428 577 3494 P,
597 3426 622 3481 si
642 3423 759 3480 iusseris
781 3436 808 3488 ς.
886 3424 934 3479 79.
956 3420 984 3476 in
1006 3436 1116 3476 summa
1131 3416 1193 3473 PS:
1214 3415 1252 3471 ad

145 3518 280 3556 summam
299 3518 356 3575 pro.
439 3509 502 3557 trax
522 3505 557 3559 P.
641 3504 689 3559 60.
709 3502 814 3579 pinnas
835 3502 875 3555 P:
896 3514 1008 3577 pennas
1028 3512 1082 3574 pro.
1168 3492 1251 3550 athe·
1305 3532 1308 3541 ·

145 3578 186 3633 nis
199 3581 239 3634 P:
259 3577 352 3633 ahiuis
371 3596 400 3652 p.
479 3583 526 3637 81.
548 3578 698 3652 conchylia
717 3596 751 3653 p:
772 3575 903 3651 concylia
923 3576 980 3631 PS.
1059 3576 1106 3631 82.
1129 3570 1254 3646 signauit

146 3652 253 3730 obropq,
274 3656 407 3711 coenabit
429 3656 571 3715 Dorleoas
587 3654 625 3713 od
638 3660 707 3713 Tor.
720 3672 788 3711 ono.
799 3658 834 3712 Π
846 3656 949 3729 praa.
1047 3650 1194 3707 recumbet
1213 3650 1252 3704 P:

146 3732 283 3789 recumbit
300 3747 348 3805 νς.
465 3738 514 3792 83.
536 3744 651 3790 cottona
671 3736 728 3799 Ρςε
753 3740 873 3787 coctana
893 3748 949 3806 prr),
975 3736 1090 3784 cottana
1109 3740 1156 3792 ας.

147 3810 191 3866 85·
212 3809 385 3866 Auentinum
399 3828 416 3877 ς
431 3808 587 3883 Wakefield
599 3809 760 3867 adhereret.
774 3811 909 3877 Η,1038.
979 3808 1050 3861 baca
1062 3820 1094 3870 ςε
1114 3803 1197 3859 barca
1210 3805 1243 3861 P.

148 3889 192 3943 89·
213 3896 329 3943 anteum
351 3890 384 3942 P·
483 3894 530 3947 90.
553 3888 679 3944 deterius
698 3905 760 3961 pror
782 3885 891 3942 deteriu
913 3886 948 3953 P,
971 3880 1098 3939 deterior
1118 3894 1145 3945 ς.

148 3966 192 4020 91.
213 3962 263 4019 illa
273 3972 357 4019 sonat
369 3982 432 4021 cum
446 3964 604 4032 Glauerios,
620 3960 724 4022 Iooobs
735 3966 766 4019 ia
774 3961 923 4019 Matthiae
934 3956 1050 4016 sancolt.
1063 3956 1252 4033 porratam.

150 4039 196 4096 illa
205 4048 298 4106 sonat,
341 4059 377 4096 ua
387 4042 535 4100 mordetur
554 4041 662 4118 gallina
675 4041 805 4097 arnarito
821 4046 874 4095 aut
889 4037 1015 4094 deterior
1025 4052 1079 4091 nec
1091 4034 1139 4089 ille
1155 4051 1254 4099 sonus,

153 4134 207 4191 quo
222 4060 413 4195 Brrderllromp
423 4124 544 4195 Μαρια.
558 4118 582 4192 s.
594 4117 714 4176 Sohuleo
724 4120 749 4185 1,
761 4123 778 4172 2
792 4135 820 4192 p.
833 4118 889 4174 439
899 4132 942 4247 ap.
970 4112 1015 4169 cui
1030 4110 1176 4200 mordetur
1191 4113 1255 4166 Ru-

153 4196 235 4268 porri.
300 4198 348 4254 92.
369 4196 410 4253 illi
425 4195 575 4256 Schrader.
639 4200 686 4256 93.
707 4194 754 4251 bic
768 4194 870 4253 melior
883 4194 920 4251 Sc
931 4186 1034 4248 aare.
1105 4186 1186 4244 tarda
1197 4187 1255 4245 PS.
