3025 4859
604 377 750 433 SATVRA
768 378 804 432 Χ.

146 556 184 616 ut
205 547 289 616 male
310 546 477 617 defensus!
508 568 675 617 curramus
697 546 887 639 praecipites
909 552 952 626 et,

149 661 226 728 dum
247 661 330 728 iacet
351 660 383 727 in
405 660 483 751 ripa,
506 658 666 727 calcemus
689 655 838 726 Caesaris
858 656 994 724 hostem.

149 773 207 839 sed
227 772 356 839 uideant
378 772 472 851 serui,
494 792 534 837 ne
556 770 627 861 quis
647 776 745 860 neget
767 777 800 835 et
820 768 972 859 pauidum
993 767 1025 833 in
1046 764 1097 831 ius

149 883 276 950 ceruice
299 882 448 949 obstricta
472 880 633 947 dominum
656 873 777 945 trahat?
812 876 845 944 hi
866 898 1031 947 sermones

147 1002 225 1061 tunc
247 994 287 1061 de
309 991 436 1071 Seiano,
459 999 582 1058 secreta
605 990 684 1057 haec
706 1010 869 1055 murmura
891 986 988 1080 uulgi.

146 1102 239 1172 uisne
260 1102 387 1171 salutari
410 1104 492 1170 sicut
512 1099 662 1181 Seianus,
684 1100 803 1167 habere

148 1214 342 1295 tantundem,
366 1213 470 1305 adque
491 1210 536 1279 illi
558 1234 698 1281 summas
721 1212 840 1279 donare
863 1209 999 1289 curules,

145 1323 236 1392 illum
259 1324 451 1391 exercitibus
473 1345 679 1414 praeponere,
702 1332 789 1391 tutor
810 1322 919 1389 haberi

146 1434 295 1526 principis
317 1444 453 1528 augusta
475 1433 672 1525 Caprearum
694 1436 726 1501 in
748 1458 829 1527 rupe
850 1432 989 1500 sedentis

149 1566 224 1611 curn
246 1566 345 1637 grege
368 1542 556 1613 Chaldaeo?
578 1546 626 1612 uis
649 1554 745 1627 certe,
767 1544 831 1636 pila
854 1542 1013 1623 cohortes,

146 1656 293 1748 egregios
317 1655 440 1747 equites
463 1664 496 1722 et
517 1665 619 1723 castra
643 1653 841 1724 domestica?
872 1654 981 1744 quidni
1217 1660 1258 1719 95

144 1764 227 1833 haec
249 1763 385 1857 cupias?
408 1774 440 1834 et
462 1769 515 1859 qui
537 1766 651 1834 nolunt
673 1769 820 1835 occidere
843 1786 1045 1857 quemquam,

144 1898 242 1968 posse
263 1875 385 1944 uolunt.
419 1878 475 1945 sed
498 1902 580 1971 quae
603 1877 766 1971 praeclara
789 1887 821 1945 et
841 1897 994 1968 prospera
1014 1875 1103 1955 tanti,

145 1994 185 2055 ut
205 1986 302 2053 rebus
323 1986 414 2056 laetis
436 2012 494 2080 par
515 1991 557 2056 sit
578 2012 726 2056 mensura
748 1984 929 2056 malorum?

144 2095 249 2177 huius,
272 2098 327 2189 qui
348 2096 489 2181 trahitur,
512 2108 710 2192 praetextam
733 2122 859 2167 sumere
880 2099 992 2179 mauis,

144 2230 188 2275 an
209 2206 397 2275 Fidenarum
420 2208 657 2302 Gabiorumque
680 2234 750 2278 esse
772 2218 914 2303 potestas

144 2326 180 2385 et
202 2317 241 2386 de
263 2339 411 2387 mensura
431 2320 481 2389 ius
503 2322 618 2403 (licere,
641 2344 717 2389 uasa
739 2324 862 2390 minora

145 2430 292 2523 frangere
315 2452 477 2520 pannosus
498 2416 608 2501 uacuis
631 2432 740 2518 aedilis
762 2430 916 2500 Ulubris?

147 2562 224 2633 ergo
248 2540 324 2633 quid
348 2541 522 2631 optandum
544 2544 634 2624 foret,
657 2544 823 2635 ignorasse
844 2542 951 2609 lateris
980 2571 987 2587 ·

145 2649 316 2733 Seianum;
338 2672 411 2719 nam
434 2654 487 2744 qui
510 2656 623 2722 nimios
646 2654 778 2746 optabat
798 2654 935 2721 honores

146 2769 182 2830 et
200 2761 312 2830 nimias
334 2764 489 2855 poscebat
510 2787 597 2856 opes,
620 2786 791 2832 numerosa
812 2763 946 2857 parabat
1196 2774 1258 2832 105

148 2871 297 2941 excelsas
319 2875 413 2941 turris
436 2874 583 2955 tabulata,
607 2876 690 2943 unde
713 2874 806 2942 altior
827 2885 912 2942 esset

145 3004 240 3051 casus
262 2990 295 3051 et
315 2983 471 3077 impulsae
493 3008 647 3076 praeceps
669 2986 808 3052 immane
829 2986 948 3053 ruinae.

145 3094 222 3183 quid
244 3093 391 3177 Crassos,
414 3095 489 3187 quid
512 3094 683 3187 Pompeios
706 3096 830 3177 euertit,
851 3104 884 3163 et
904 3097 1003 3179 illum,

146 3203 188 3271 ad
210 3227 269 3272 sua
291 3208 347 3299 qui
369 3208 506 3275 domitos
526 3206 660 3275 deduxit
680 3206 779 3299 llagra
802 3205 964 3292 Quirites?

146 3336 292 3383 summus
314 3339 430 3409 nempe
451 3317 542 3387 locus
564 3315 651 3384 nulla
672 3338 737 3383 non
760 3326 829 3384 arte
850 3320 967 3409 petitus
1196 3334 1259 3388 110

145 3446 329 3519 magnaque
350 3426 531 3496 numinibus
554 3434 631 3494 uota
652 3428 803 3495 exaudita
824 3427 978 3519 malignis.

16 3818 20 3823 ,
145 3760 194 3815 87.
215 3757 244 3815 iu
265 3756 310 3815 ius
322 3761 389 3815 Pura
408 3756 484 3814 intus
497 3774 525 3832 p,
547 3756 576 3813 in
596 3753 716 3829 huiusf,
736 3756 821 3815 huius
836 3756 913 3826 bobr.
1003 3766 1050 3821 88.
1073 3764 1208 3822 obstricta
1219 3770 1260 3825 Ρ,

146 3832 287 3892 adstricta
307 3853 343 3893 ω.
421 3832 462 3890 hii
483 3838 516 3891 P.
597 3838 644 3893 90.
664 3833 772 3892 habere
792 3834 917 3912 Pproo:
936 3836 1036 3897 haberi
1056 3840 1109 3916 ρίς
1119 3844 1158 3898 Ν.
1171 3846 1258 3901 Heiu-

145 3910 259 3969 eiusad
269 3910 354 3971 outo.
367 3912 448 3969 trist.
462 3915 488 3979 1,
499 3916 526 3979 8,
541 3910 588 3978 44,
608 3910 716 3969 hauere
737 3912 916 3971 Lachmann.
986 3922 1033 3974 91.
1055 3936 1181 3976 summas
1201 3924 1259 3995 Ppr

144 3988 239 4045 seclas
258 3987 282 4061 f,
303 3988 391 4046 sellas
408 4006 443 4045 ω.
560 3992 607 4047 93.
630 3998 750 4063 augusta
771 3993 832 4057 Ρςε
852 4002 973 4067 angusta
992 3991 1049 4069 [μω
1069 3994 1209 4053 Arntzarr.
1221 3996 1260 4054 od

143 4062 456 4141 Pltn.ponep.p.112.
535 4066 582 4123 91.
604 4064 726 4122 ebaldeo
748 4069 783 4123 P.
844 4068 887 4124 uis
903 4069 1009 4129 ducere
1024 4070 1083 4147 pila
1104 4074 1259 4149 Scioppius

142 4142 270 4200 aterbius.
287 4146 364 4214 1111,
380 4146 426 4201 10.
491 4141 655 4199 cosohortes
675 4145 715 4211 P,
742 4143 868 4202 cohortis
892 4145 936 4218 ίς.
1014 4151 1061 4207 97.
1086 4150 1157 4207 tanti
1182 4153 1259 4227 1²93:

142 4226 255 4279 tautum
272 4217 344 4296 pso.
459 4224 508 4282 99.
528 4218 661 4279 uashitur
680 4222 715 4278 P.
