3025 4859
275 345 326 417 48
654 355 689 406 o.
708 347 1008 408 rvnnwvanuurs

275 527 333 595 sed
354 524 461 619 placet
483 521 611 591 Vrsidio
631 522 686 590 lex
706 520 799 604 Iulia,
820 519 934 589 tollere
955 517 1083 586 dulcem

275 637 396 729 cogitat
416 634 582 716 heredem,
605 635 762 702 cariturus
784 641 907 700 turture
929 651 1046 722 magno

276 745 511 838 mullorumque
532 743 615 812 iubis
638 754 670 811 et
692 753 855 835 captatore
877 739 1022 808 aracello.

276 858 352 949 quid
374 855 440 923 fieri
462 879 527 925 non
549 878 644 947 posse
666 863 774 946 putes,
797 855 823 920 si
844 854 983 945 iungitur·
1005 849 1068 918 ulla

275 964 418 1049 Vrsidio,
448 969 474 1033 si
498 963 707 1034 moechorum
728 965 914 1032 notissimus
938 961 1012 1029 olim

276 1076 372 1145 stadia
393 1075 529 1144 maritali
551 1076 614 1141 iarn
635 1076 770 1168 porrigit
792 1095 847 1140 ora
871 1075 1023 1165 capistro,

276 1211 373 1282 quern
396 1188 513 1254 totiens
534 1188 615 1253 texit
635 1185 767 1278 perituri
790 1185 868 1252 cista
890 1179 1016 1249 Latini?

277 1297 368 1391 quid,
390 1297 476 1388 quod
499 1306 531 1362 et
552 1297 688 1388 antiquis
709 1316 793 1362 uxor
816 1295 856 1362 de
877 1293 1018 1360 moribus
1040 1291 1084 1360 illi

276 1408 447 1502 quaeritur.
481 1429 501 1474 o
523 1406 653 1486 medici,
676 1407 806 1473 nimiam
827 1403 1008 1496 pertundite
1030 1399 1160 1472 uenam!
1239 1475 1245 1488 ι

277 1517 405 1586 delicias
427 1514 578 1584 hominis!
607 1514 780 1608 Tarpeium
802 1515 898 1581 limen
921 1515 1018 1581 adora

276 1651 396 1723 pronus
420 1636 452 1694 et
475 1636 618 1695 auratam
639 1624 751 1694 lunoni
774 1625 871 1692 caede
894 1626 1076 1705 iuuencum,

278 1741 305 1807 si
326 1738 382 1806 tibi
405 1739 572 1831 contigerit
593 1736 704 1829 capitis
727 1743 872 1802 matrona
894 1735 1008 1825 pudici.

276 1873 399 1943 paucae
421 1849 501 1917 adeo
526 1847 654 1916 Cereris
675 1847 771 1913 uittas
794 1845 979 1937 contingere
1002 1845 1130 1937 dignae,

277 1983 411 2054 quarum
431 1980 496 2027 non
518 1959 628 2026 timeat
651 1965 742 2048 pater
763 1954 881 2022 oscula.
913 1963 1006 2023 necte
1029 1976 1180 2022 coronam

279 2069 424 2163 postibus
446 2078 479 2137 et
502 2069 618 2137 densos
638 2091 697 2160 per
718 2067 825 2135 limina
849 2066 943 2134 tende
966 2061 1151 2156 corymbos!

277 2205 360 2250 unus
383 2180 553 2248 Hiberinae
576 2179 624 2245 uir
647 2175 785 2246 sufficit?
815 2177 903 2246 ocius
926 2175 1003 2243 illud

279 2291 499 2385 extorquebis,
521 2300 557 2359 ut
577 2290 657 2358 haec
679 2289 773 2358 oculo
797 2295 946 2356 contenta
969 2289 1009 2353 sit
1030 2309 1103 2355 uno.

278 2427 393 2496 magna
416 2413 522 2470 tamen
544 2403 627 2469 [arna
649 2409 699 2469 est
720 2400 886 2468 cuiusdam
908 2421 981 2466 rure
1002 2407 1135 2491 paterno

278 2514 424 2582 uiuentis.
457 2513 546 2581 uiuat
567 2509 691 2591 Gabiis,
713 2519 748 2578 ut
771 2511 850 2577 uixit
870 2510 902 2576 in
924 2532 1016 2602 agro,

278 2626 368 2693 uiuat
389 2624 532 2707 Fidenis;
561 2631 594 2690 et
616 2619 721 2713 agello
742 2621 823 2688 cedo
848 2628 990 2712 paterno.

279 2738 351 2829 quis
372 2745 479 2802 tumen
501 2733 645 2803 adfirmat
665 2728 709 2799 nil
730 2739 838 2799 actum
860 2732 893 2797 in
914 2728 1074 2798 montibus
1096 2737 1151 2797 aut
1172 2729 1204 2794 in

278 2844 461 2942 speluncis?
491 2844 572 2912 adeo
595 2849 768 2909 senuerunt
789 2839 929 2933 luppiter
952 2850 984 2908 et
1005 2837 1114 2909 Mars?

363 2953 584 3024 Porticibusne
606 2951 662 3019 tibi
683 2960 878 3020 monstratur
900 2953 1015 3020 [emina
1037 2959 1114 3020 uoto

279 3066 375 3160 digna
396 3075 467 3148 tuo,
490 3065 599 3134 cuneis
621 3086 661 3130 an
683 3062 802 3131 habent
823 3061 1006 3154 spectacula
1028 3064 1103 3129 totis

279 3176 367 3271 quod
388 3199 520 3245 securus
542 3197 630 3243 ames
652 3175 802 3267 quodque
825 3173 898 3242 inde
920 3195 1095 3265 excerpere
1117 3169 1243 3266 possis?

280 3416 318 3472 38
327 3429 371 3488 aq.
393 3409 449 3503 sed·
465 3441 501 3500 ss
522 3407 659 3467 beredern
679 3407 851 3466 Sautuood
864 3411 945 3482 Vory.
960 3408 1032 3465 Aoo.
1043 3410 1097 3476 111,
1106 3411 1153 3467 33.
1231 3407 1334 3467 toliere
1350 3439 1388 3449 -

279 3491 466 3640 {tf-2⁰23?
460 3503 539 3622 tt·
549 3486 938 3638 'bd’btdttdbd’
948 3486 1313 3637 tutatitthff‘ffia:
1321 3489 1389 3641 ⁹135:

280 3652 324 3701 tes
336 3641 360 3714 f.
411 3641 459 3699 42.
473 3639 694 3708 stultissimum,
714 3641 895 3718 turpissimus
909 3641 1073 3697 Moittuiro.
1131 3639 1179 3698 43.
1195 3641 1316 3719 porrigit
1329 3659 1390 3716 pora

280 3719 403 3797 porrigo
413 3719 448 3786 P,
473 3718 601 3793 porrigat
622 3716 981 3776 ood.DresdensisD153.
1091 3717 1139 3776 44.
1159 3717 1295 3796 peritura,
1317 3733 1389 3774 corr.

281 3796 414 3873 perituri,
440 3793 508 3862 abd,
544 3796 699 3872 periturum
725 3793 787 3850 cod.
812 3791 1054 3868 Norimboryensis
1071 3798 1099 3851 5.
1125 3793 1205 3870 prob.
1232 3792 1390 3862 Morobott,

281 3871 440 3944 Sebrader,
464 3869 614 3938 Heinrich,
643 3870 752 3948 periuri
777 3875 815 3927 11.
839 3869 984 3940 Valesius,
1013 3871 1391 3931 Hoioriobottmcomm.1

279 3953 370 4026 odd.
479 3947 527 4005 46.
549 3948 663 4004 nimiam
681 3945 767 4019 Pbcf:
792 3947 916 4006 mediam
935 3965 992 4024 ρω.
1101 3952 1149 4008 50.
1169 3947 1257 4008 adeso
1277 3951 1311 4006 P.

281 4028 329 4085 52.
350 4024 438 4083 tende
458 4041 499 4082 co:
520 4033 603 4082 necte
623 4043 642 4099 p
663 4023 762 4097 (oraro
783 4024 913 4100 tenuiora
933 4023 1089 4100 uocabulo)
1110 4025 1176 4093 ode.
1273 4029 1321 4084 53.
1342 4025 1388 4081 bi-

281 4103 399 4161 beriuae
418 4098 572 4173 Pobcdfor:
596 4101 724 4159 iberinae
744 4119 772 4169 ς.
869 4103 916 4160 57.
937 4100 1039 4160 fidenis
1058 4120 1119 4179 por:
1139 4103 1232 4161 fideus
1252 4105 1311 4161 ΡΒ.

282 4187 314 4236 ut
329 4177 424 4256 agello
444 4182 554 4236 Moeso
565 4193 653 4236 cam.
664 4177 812 4254 Abbdtfloo
822 4197 852 4257 p.
859 4181 925 4240 235.
1004 4182 1052 4240 58.
1073 4189 1122 4237 aut
1138 4182 1168 4239 in
1181 4183 1334 4240 armare
1346 4197 1378 4256 p.
