<?xml version="1.0" encoding="UTF-8"?>
<!DOCTYPE html PUBLIC "-//W3C//DTD XHTML 1.0 Transitional//EN"
    "http://www.w3.org/TR/xhtml1/DTD/xhtml1-transitional.dtd">
<html xmlns="http://www.w3.org/1999/xhtml" xml:lang="en" lang="en">
 <head>
  <title>
</title>
<meta http-equiv="Content-Type" content="text/html;charset=utf-8" />
  <meta name='ocr-system' content='tesseract 3.04.00' />
  <meta name='ocr-capabilities' content='ocr_page ocr_carea ocr_par ocr_line ocrx_word'/>
</head>
<body>
  <div class='ocr_page' id='page_1' title='image "./diuniiiuvenalis00jahngoog_0502.png"; bbox 0 0 3025 4859; ppageno 0'>
   <div class='ocr_carea' id='block_1_1' title="bbox 284 353 1005 429">
    <p class='ocr_par' dir='ltr' id='par_1_1' title="bbox 284 353 1005 429">
     <span class='ocr_line' id='line_1_1' title="bbox 284 353 1005 429; baseline -0.012 0"><span class='ocrx_word' id='word_1_1' title='bbox 284 353 361 429; x_wconf 81' lang='grc'>308</span> <span class='ocrx_word' id='word_1_2' title='bbox 666 364 1005 422; x_wconf 75' lang='lat' dir='ltr'>sononnvurnns.</span> 
     </span>
    </p>
   </div>
   <div class='ocr_carea' id='block_1_2' title="bbox 247 527 1399 2716">
    <p class='ocr_par' dir='ltr' id='par_1_2' title="bbox 284 527 1394 716">
     <span class='ocr_line' id='line_1_2' title="bbox 369 527 1394 624; baseline -0.008 -20"><span class='ocrx_word' id='word_1_3' title='bbox 369 537 420 604; x_wconf 83' lang='grc'><strong>20.</strong></span> <span class='ocrx_word' id='word_1_4' title='bbox 455 556 606 602; x_wconf 78' lang='lat' dir='ltr'>rnsxrssn</span> <span class='ocrx_word' id='word_1_5' title='bbox 629 559 766 604; x_wconf 82' lang='lat' dir='ltr'>vrnsnrs.</span> <span class='ocrx_word' id='word_1_6' title='bbox 802 537 866 624; x_wconf 84' lang='grc'><strong>[19.</strong></span> <span class='ocrx_word' id='word_1_7' title='bbox 887 531 1091 621; x_wconf 80' lang='lat' dir='ltr'>vrnvrrovol.</span> <span class='ocrx_word' id='word_1_8' title='bbox 1114 531 1147 600; x_wconf 89' lang='lat' dir='ltr'>id</span> <span class='ocrx_word' id='word_1_9' title='bbox 1170 537 1228 614; x_wconf 84' lang='lat' dir='ltr'>est,</span> <span class='ocrx_word' id='word_1_10' title='bbox 1249 539 1284 597; x_wconf 91' lang='lat' dir='ltr'>et</span> <span class='ocrx_word' id='word_1_11' title='bbox 1303 527 1394 597; x_wconf 85' lang='lat' dir='ltr'>laeti-</span> 
     </span>
     <span class='ocr_line' id='line_1_3' title="bbox 284 649 655 716; baseline 0 -2"><span class='ocrx_word' id='word_1_12' title='bbox 284 649 347 716; x_wconf 83' lang='lat' dir='ltr'>tiae</span> <span class='ocrx_word' id='word_1_13' title='bbox 370 656 402 715; x_wconf 89' lang='lat' dir='ltr'>et</span> <span class='ocrx_word' id='word_1_14' title='bbox 424 669 655 715; x_wconf 81' lang='lat' dir='ltr'><strong>aerumnarum.</strong></span> 
     </span>
    </p>

    <p class='ocr_par' dir='ltr' id='par_1_3' title="bbox 370 757 1291 841">
     <span class='ocr_line' id='line_1_4' title="bbox 370 757 1291 841; baseline -0.002 -18"><span class='ocrx_word' id='word_1_15' title='bbox 370 758 422 824; x_wconf 90' lang='grc'><strong>21.</strong></span> <span class='ocrx_word' id='word_1_16' title='bbox 447 780 649 825; x_wconf 82' lang='lat' dir='ltr'>conrannrvs</span> <span class='ocrx_word' id='word_1_17' title='bbox 672 782 691 825; x_wconf 90' lang='lat' dir='ltr'>r.</span> <span class='ocrx_word' id='word_1_18' title='bbox 714 785 744 826; x_wconf 81' lang='lat' dir='ltr'>r.</span> <span class='ocrx_word' id='word_1_19' title='bbox 768 760 799 826; x_wconf 92' lang='lat' dir='ltr'>id</span> <span class='ocrx_word' id='word_1_20' title='bbox 822 767 880 841; x_wconf 85' lang='lat' dir='ltr'>est,</span> <span class='ocrx_word' id='word_1_21' title='bbox 903 757 1080 827; x_wconf 76' lang='lat' dir='ltr'>excessisse</span> <span class='ocrx_word' id='word_1_22' title='bbox 1102 757 1291 824; x_wconf 85' lang='lat' dir='ltr'>institutum.</span> 
     </span>
    </p>

    <p class='ocr_par' dir='ltr' id='par_1_4' title="bbox 369 862 1397 959">
     <span class='ocr_line' id='line_1_5' title="bbox 369 862 1397 959; baseline -0.005 -25"><span class='ocrx_word' id='word_1_23' title='bbox 369 869 421 936; x_wconf 84' lang='lat'>22.</span> <span class='ocrx_word' id='word_1_24' title='bbox 457 890 562 935; x_wconf 82' lang='lat' dir='ltr'>uvrnn</span> <span class='ocrx_word' id='word_1_25' title='bbox 585 891 635 934; x_wconf 82' lang='lat' dir='ltr'>uu.</span> <span class='ocrx_word' id='word_1_26' title='bbox 658 894 688 936; x_wconf 79' lang='lat' dir='ltr'>v.</span> <span class='ocrx_word' id='word_1_27' title='bbox 712 895 740 936; x_wconf 83' lang='lat' dir='ltr'>r.</span> <span class='ocrx_word' id='word_1_28' title='bbox 765 894 793 938; x_wconf 87' lang='lat' dir='ltr'>r.</span> <span class='ocrx_word' id='word_1_29' title='bbox 827 879 965 950; x_wconf 78' lang='lat' dir='ltr'>statuae,</span> <span class='ocrx_word' id='word_1_30' title='bbox 993 867 1034 935; x_wconf 86' lang='lat' dir='ltr'>ad</span> <span class='ocrx_word' id='word_1_31' title='bbox 1062 888 1141 959; x_wconf 85' lang='lat' dir='ltr'>quas</span> <span class='ocrx_word' id='word_1_32' title='bbox 1163 862 1397 935; x_wconf 87' lang='lat' dir='ltr'>conueniebant</span> 
     </span>
    </p>

    <p class='ocr_par' dir='ltr' id='par_1_5' title="bbox 259 979 396 1046">
     <span class='ocr_line' id='line_1_6' title="bbox 259 979 396 1046; baseline -0.015 0"><span class='ocrx_word' id='word_1_33' title='bbox 259 979 396 1046; x_wconf 78' lang='lat' dir='ltr'>scinedi.</span> 
     </span>
    </p>

    <p class='ocr_par' dir='ltr' id='par_1_6' title="bbox 283 1085 1396 1268">
     <span class='ocr_line' id='line_1_7' title="bbox 369 1085 1396 1179; baseline -0.003 -24"><span class='ocrx_word' id='word_1_34' title='bbox 369 1089 420 1156; x_wconf 89' lang='grc'>23.</span> <span class='ocrx_word' id='word_1_35' title='bbox 455 1113 593 1158; x_wconf 78' lang='lat' dir='ltr'>rnnnrra</span> <span class='ocrx_word' id='word_1_36' title='bbox 618 1114 650 1157; x_wconf 84' lang='lat' dir='ltr'>u.</span> <span class='ocrx_word' id='word_1_37' title='bbox 683 1092 793 1157; x_wconf 86' lang='lat' dir='ltr'>matris</span> <span class='ocrx_word' id='word_1_38' title='bbox 816 1089 911 1158; x_wconf 90' lang='lat' dir='ltr'>deum</span> <span class='ocrx_word' id='word_1_39' title='bbox 934 1089 1098 1179; x_wconf 89' lang='lat' dir='ltr'>mysteria,</span> <span class='ocrx_word' id='word_1_40' title='bbox 1128 1088 1218 1154; x_wconf 89' lang='lat' dir='ltr'>cuius</span> <span class='ocrx_word' id='word_1_41' title='bbox 1241 1085 1396 1177; x_wconf 87' lang='lat' dir='ltr'>templum</span> 
     </span>
     <span class='ocr_line' id='line_1_8' title="bbox 283 1198 538 1268; baseline -0.008 0"><span class='ocrx_word' id='word_1_42' title='bbox 283 1203 315 1268; x_wconf 92' lang='lat' dir='ltr'>in</span> <span class='ocrx_word' id='word_1_43' title='bbox 337 1198 457 1267; x_wconf 84' lang='lat' dir='ltr'>Palatio</span> <span class='ocrx_word' id='word_1_44' title='bbox 481 1208 538 1266; x_wconf 88' lang='lat' dir='ltr'>est.</span> 
     </span>
    </p>

    <p class='ocr_par' dir='ltr' id='par_1_7' title="bbox 369 1305 1395 1402">
     <span class='ocr_line' id='line_1_9' title="bbox 369 1305 1395 1402; baseline -0.004 -27"><span class='ocrx_word' id='word_1_45' title='bbox 369 1311 420 1375; x_wconf 80' lang='lat'>25.</span> <span class='ocrx_word' id='word_1_46' title='bbox 443 1332 561 1378; x_wconf 72' lang='lat' dir='ltr'>norton</span> <span class='ocrx_word' id='word_1_47' title='bbox 575 1312 613 1380; x_wconf 83' lang='lat' dir='ltr'>A.</span> <span class='ocrx_word' id='word_1_48' title='bbox 635 1312 786 1378; x_wconf 81' lang='lat' dir='ltr'>famosior</span> <span class='ocrx_word' id='word_1_49' title='bbox 797 1309 962 1392; x_wconf 87' lang='lat' dir='ltr'>moechus,</span> <span class='ocrx_word' id='word_1_50' title='bbox 984 1331 1080 1402; x_wconf 88' lang='lat' dir='ltr'>quam</span> <span class='ocrx_word' id='word_1_51' title='bbox 1093 1308 1235 1377; x_wconf 79' lang='lat' dir='ltr'>Aufidius</span> <span class='ocrx_word' id='word_1_52' title='bbox 1256 1305 1395 1397; x_wconf 74' lang='lat' dir='ltr'>quidana</span> 
     </span>
    </p>

    <p class='ocr_par' dir='ltr' id='par_1_8' title="bbox 370 1417 1396 1513">
     <span class='ocr_line' id='line_1_10' title="bbox 370 1417 1396 1513; baseline 0.001 -30"><span class='ocrx_word' id='word_1_53' title='bbox 370 1420 421 1484; x_wconf 83' lang='lat'>26.</span> <span class='ocrx_word' id='word_1_54' title='bbox 458 1443 607 1499; x_wconf 83' lang='lat' dir='ltr'>ovooovn</span> <span class='ocrx_word' id='word_1_55' title='bbox 632 1447 663 1490; x_wconf 84' lang='lat' dir='ltr'>r.</span> <span class='ocrx_word' id='word_1_56' title='bbox 699 1423 784 1513; x_wconf 91' lang='lat' dir='ltr'>quod</span> <span class='ocrx_word' id='word_1_57' title='bbox 807 1443 870 1489; x_wconf 92' lang='lat' dir='ltr'>non</span> <span class='ocrx_word' id='word_1_58' title='bbox 893 1419 1062 1489; x_wconf 87' lang='lat' dir='ltr'>confiteris.</span> <span class='ocrx_word' id='word_1_59' title='bbox 1186 1417 1396 1507; x_wconf 73' lang='lat' dir='ltr'>[incoronare]</span> 
     </span>
    </p>

    <p class='ocr_par' dir='ltr' id='par_1_9' title="bbox 247 1529 737 1600">
     <span class='ocr_line' id='line_1_11' title="bbox 247 1529 737 1600; baseline 0.012 -8"><span class='ocrx_word' id='word_1_60' title='bbox 247 1551 274 1592; x_wconf 85' lang='grc' dir='ltr'>ιο</span> <span class='ocrx_word' id='word_1_61' title='bbox 287 1553 436 1598; x_wconf 83' lang='lat' dir='ltr'>unnrros.</span> <span class='ocrx_word' id='word_1_62' title='bbox 459 1529 585 1598; x_wconf 88' lang='lat' dir='ltr'>solebas</span> <span class='ocrx_word' id='word_1_63' title='bbox 608 1532 737 1600; x_wconf 87' lang='lat' dir='ltr'>scilicet.</span> 
     </span>
    </p>

    <p class='ocr_par' dir='ltr' id='par_1_10' title="bbox 286 1641 1397 1952">
     <span class='ocr_line' id='line_1_12' title="bbox 370 1641 1397 1732; baseline -0.003 -25"><span class='ocrx_word' id='word_1_64' title='bbox 370 1642 421 1707; x_wconf 90' lang='grc'>27.</span> <span class='ocrx_word' id='word_1_65' title='bbox 452 1641 588 1731; x_wconf 83' lang='lat' dir='ltr'>[vrrnn].</span> <span class='ocrx_word' id='word_1_66' title='bbox 621 1641 683 1710; x_wconf 91' lang='lat' dir='ltr'>hoc</span> <span class='ocrx_word' id='word_1_67' title='bbox 706 1651 813 1709; x_wconf 85' lang='lat' dir='ltr'>autern</span> <span class='ocrx_word' id='word_1_68' title='bbox 836 1641 924 1710; x_wconf 89' lang='lat' dir='ltr'>uelut</span> <span class='ocrx_word' id='word_1_69' title='bbox 945 1665 987 1708; x_wconf 89' lang='lat' dir='ltr'>ex</span> <span class='ocrx_word' id='word_1_70' title='bbox 1008 1662 1144 1732; x_wconf 86' lang='lat' dir='ltr'>persons</span> <span class='ocrx_word' id='word_1_71' title='bbox 1167 1648 1263 1731; x_wconf 85' lang='lat' dir='ltr'>poeta</span> <span class='ocrx_word' id='word_1_72' title='bbox 1284 1660 1397 1706; x_wconf 88' lang='lat' dir='ltr'>eorum</span> 
     </span>
     <span class='ocr_line' id='line_1_13' title="bbox 286 1750 1397 1842; baseline -0.002 -25"><span class='ocrx_word' id='word_1_73' title='bbox 286 1751 397 1832; x_wconf 81' lang='lat' dir='ltr'>refert,</span> <span class='ocrx_word' id='word_1_74' title='bbox 425 1754 477 1842; x_wconf 91' lang='lat' dir='ltr'>qui</span> <span class='ocrx_word' id='word_1_75' title='bbox 507 1752 619 1818; x_wconf 89' lang='lat' dir='ltr'>diuites</span> <span class='ocrx_word' id='word_1_76' title='bbox 645 1751 797 1818; x_wconf 87' lang='lat' dir='ltr'>inclinant</span> <span class='ocrx_word' id='word_1_77' title='bbox 818 1753 919 1832; x_wconf 88' lang='lat' dir='ltr'>uiros,</span> <span class='ocrx_word' id='word_1_78' title='bbox 948 1760 979 1818; x_wconf 92' lang='lat' dir='ltr'>et</span> <span class='ocrx_word' id='word_1_79' title='bbox 1006 1760 1113 1820; x_wconf 85' lang='lat' dir='ltr'>tamen</span> <span class='ocrx_word' id='word_1_80' title='bbox 1134 1750 1261 1818; x_wconf 90' lang='lat' dir='ltr'>modica</span> <span class='ocrx_word' id='word_1_81' title='bbox 1283 1771 1397 1816; x_wconf 89' lang='lat' dir='ltr'>conse-</span> 
     </span>
     <span class='ocr_line' id='line_1_14' title="bbox 288 1859 992 1952; baseline 0.001 -25"><span class='ocrx_word' id='word_1_82' title='bbox 288 1869 436 1952; x_wconf 88' lang='lat' dir='ltr'>quuntur.</span> <span class='ocrx_word' id='word_1_83' title='bbox 523 1885 630 1930; x_wconf 83' lang='lat' dir='ltr'>vrrno.</span> <span class='ocrx_word' id='word_1_84' title='bbox 653 1861 715 1929; x_wconf 88' lang='lat' dir='ltr'>hoe</span> <span class='ocrx_word' id='word_1_85' title='bbox 737 1859 865 1929; x_wconf 90' lang='lat' dir='ltr'>Nebulo</span> <span class='ocrx_word' id='word_1_86' title='bbox 887 1864 992 1930; x_wconf 78' lang='lat' dir='ltr'>refert.</span> 
     </span>
    </p>

    <p class='ocr_par' dir='ltr' id='par_1_11' title="bbox 372 1969 1399 2062">
     <span class='ocr_line' id='line_1_15' title="bbox 372 1969 1399 2062; baseline 0.001 -27"><span class='ocrx_word' id='word_1_87' title='bbox 372 1971 423 2036; x_wconf 81' lang='grc'><strong>28.</strong></span> <span class='ocrx_word' id='word_1_88' title='bbox 455 1993 635 2040; x_wconf 75' lang='lat' dir='ltr'>sunnon.</span> <span class='ocrx_word' id='word_1_89' title='bbox 670 1973 844 2062; x_wconf 73' lang='lat' dir='ltr'>[rmovnsl.</span> <span class='ocrx_word' id='word_1_90' title='bbox 880 1975 911 2040; x_wconf 95' lang='lat' dir='ltr'>in</span> <span class='ocrx_word' id='word_1_91' title='bbox 934 1973 996 2041; x_wconf 87' lang='lat' dir='ltr'>alio</span> <span class='ocrx_word' id='word_1_92' title='bbox 1017 1994 1170 2055; x_wconf 74' lang='lat' dir='ltr'>amoves,</span> <span class='ocrx_word' id='word_1_93' title='bbox 1192 1981 1229 2040; x_wconf 95' lang='lat' dir='ltr'>ut</span> <span class='ocrx_word' id='word_1_94' title='bbox 1250 1969 1399 2038; x_wconf 83' lang='lat' dir='ltr'>ostendat</span> 
     </span>
    </p>

    <p class='ocr_par' dir='ltr' id='par_1_12' title="bbox 251 2081 829 2174">
     <span class='ocr_line' id='line_1_16' title="bbox 251 2081 829 2174; baseline 0.01 -29"><span class='ocrx_word' id='word_1_95' title='bbox 251 2099 276 2139; x_wconf 82' lang='lat'>1⁵</span> <span class='ocrx_word' id='word_1_96' title='bbox 290 2101 418 2171; x_wconf 84' lang='lat' dir='ltr'>grossas</span> <span class='ocrx_word' id='word_1_97' title='bbox 441 2103 479 2150; x_wconf 89' lang='lat' dir='ltr'>ac</span> <span class='ocrx_word' id='word_1_98' title='bbox 501 2105 558 2174; x_wconf 88' lang='lat' dir='ltr'>per</span> <span class='ocrx_word' id='word_1_99' title='bbox 579 2081 641 2149; x_wconf 90' lang='lat' dir='ltr'>hoc</span> <span class='ocrx_word' id='word_1_100' title='bbox 663 2081 829 2174; x_wconf 92' lang='lat' dir='ltr'>pluuiales.</span> 
     </span>
    </p>

    <p class='ocr_par' dir='ltr' id='par_1_13' title="bbox 371 2192 1397 2286">
     <span class='ocr_line' id='line_1_17' title="bbox 371 2192 1397 2286; baseline 0.001 -29"><span class='ocrx_word' id='word_1_101' title='bbox 371 2192 422 2258; x_wconf 87' lang='lat'>29.</span> <span class='ocrx_word' id='word_1_102' title='bbox 445 2215 643 2260; x_wconf 82' lang='lat' dir='ltr'>uvnruoura.</span> <span class='ocrx_word' id='word_1_103' title='bbox 666 2217 747 2286; x_wconf 89' lang='lat' dir='ltr'>quae</span> <span class='ocrx_word' id='word_1_104' title='bbox 761 2195 903 2262; x_wconf 87' lang='lat' dir='ltr'>muniant</span> <span class='ocrx_word' id='word_1_105' title='bbox 918 2217 937 2260; x_wconf 92' lang='lat' dir='ltr'>a</span> <span class='ocrx_word' id='word_1_106' title='bbox 954 2193 1072 2286; x_wconf 88' lang='lat' dir='ltr'>pluuia,</span> <span class='ocrx_word' id='word_1_107' title='bbox 1094 2216 1159 2261; x_wconf 91' lang='lat' dir='ltr'>non</span> <span class='ocrx_word' id='word_1_108' title='bbox 1174 2217 1258 2286; x_wconf 87' lang='lat' dir='ltr'>quae</span> <span class='ocrx_word' id='word_1_109' title='bbox 1273 2199 1397 2260; x_wconf 76' lang='lat' dir='ltr'>ornent.</span> 
     </span>
    </p>

    <p class='ocr_par' dir='ltr' id='par_1_14' title="bbox 287 2299 1398 2616">
     <span class='ocr_line' id='line_1_18' title="bbox 371 2299 1397 2372; baseline 0.001 -5"><span class='ocrx_word' id='word_1_110' title='bbox 371 2302 423 2368; x_wconf 89' lang='grc'><strong>30.</strong></span> <span class='ocrx_word' id='word_1_111' title='bbox 445 2326 488 2369; x_wconf 85' lang='lat' dir='ltr'>nr</span> <span class='ocrx_word' id='word_1_112' title='bbox 510 2327 595 2371; x_wconf 82' lang='lat' dir='ltr'>nans</span> <span class='ocrx_word' id='word_1_113' title='bbox 618 2329 647 2371; x_wconf 82' lang='lat' dir='ltr'>r.</span> <span class='ocrx_word' id='word_1_114' title='bbox 671 2328 702 2370; x_wconf 89' lang='lat' dir='ltr'>r.</span> <span class='ocrx_word' id='word_1_115' title='bbox 725 2304 809 2371; x_wconf 90' lang='lat' dir='ltr'>male</span> <span class='ocrx_word' id='word_1_116' title='bbox 832 2313 945 2372; x_wconf 85' lang='lat' dir='ltr'>textus.</span> <span class='ocrx_word' id='word_1_117' title='bbox 1030 2327 1170 2372; x_wconf 79' lang='lat' dir='ltr'>rncrrrto</span> <span class='ocrx_word' id='word_1_118' title='bbox 1193 2303 1308 2372; x_wconf 77' lang='lat' dir='ltr'>Groui.</span> <span class='ocrx_word' id='word_1_119' title='bbox 1332 2299 1397 2368; x_wconf 91' lang='lat' dir='ltr'>Ve-</span> 
     </span>
     <span class='ocr_line' id='line_1_19' title="bbox 289 2407 1398 2504; baseline 0.003 -28"><span class='ocrx_word' id='word_1_120' title='bbox 289 2411 363 2492; x_wconf 90' lang='lat' dir='ltr'>neti,</span> <span class='ocrx_word' id='word_1_121' title='bbox 386 2421 441 2478; x_wconf 86' lang='lat' dir='ltr'>aut</span> <span class='ocrx_word' id='word_1_122' title='bbox 461 2411 615 2482; x_wconf 85' lang='lat' dir='ltr'>albedine.</span> <span class='ocrx_word' id='word_1_123' title='bbox 640 2415 789 2497; x_wconf 86' lang='lat' dir='ltr'>cadurco,</span> <span class='ocrx_word' id='word_1_124' title='bbox 812 2413 948 2482; x_wconf 90' lang='lat' dir='ltr'>cucullo.</span> <span class='ocrx_word' id='word_1_125' title='bbox 972 2423 1008 2482; x_wconf 93' lang='lat' dir='ltr'>ut</span> <span class='ocrx_word' id='word_1_126' title='bbox 1028 2414 1102 2482; x_wconf 86' lang='lat' dir='ltr'>alibi</span> <span class='ocrx_word' id='word_1_127' title='bbox 1125 2413 1187 2504; x_wconf 88' lang='lat' dir='ltr'>[lll,</span> <span class='ocrx_word' id='word_1_128' title='bbox 1212 2415 1303 2503; x_wconf 74' lang='lat'>1701:</span> <span class='ocrx_word' id='word_1_129' title='bbox 1325 2407 1398 2480; x_wconf 82' lang='lat' dir='ltr'>‘ad-</span> 
     </span>
     <span class='ocr_line' id='line_1_20' title="bbox 287 2521 1086 2616; baseline 0.005 -28"><span class='ocrx_word' id='word_1_130' title='bbox 287 2544 350 2612; x_wconf 85' lang='lat' dir='ltr'>que</span> <span class='ocrx_word' id='word_1_131' title='bbox 372 2521 414 2589; x_wconf 91' lang='lat' dir='ltr'>ibi</span> <span class='ocrx_word' id='word_1_132' title='bbox 437 2533 605 2591; x_wconf 89' lang='lat' dir='ltr'>contentur</span> <span class='ocrx_word' id='word_1_133' title='bbox 626 2523 751 2593; x_wconf 88' lang='lat' dir='ltr'>Veneto</span> <span class='ocrx_word' id='word_1_134' title='bbox 775 2524 919 2616; x_wconf 86' lang='lat' dir='ltr'>duroque</span> <span class='ocrx_word' id='word_1_135' title='bbox 939 2525 1086 2594; x_wconf 84' lang='lat' dir='ltr'>cucullo‘</span> 
     </span>
    </p>

    <p class='ocr_par' dir='ltr' id='par_1_15' title="bbox 250 2633 1300 2716">
     <span class='ocr_line' id='line_1_21' title="bbox 250 2633 1300 2716; baseline 0.006 -19"><span class='ocrx_word' id='word_1_136' title='bbox 250 2649 277 2689; x_wconf 78' lang='lat'>2⁰</span> <span class='ocrx_word' id='word_1_137' title='bbox 374 2633 425 2698; x_wconf 89' lang='lat'>31.</span> <span class='ocrx_word' id='word_1_138' title='bbox 448 2657 620 2702; x_wconf 84' lang='lat' dir='ltr'>aocrrruvs</span> <span class='ocrx_word' id='word_1_139' title='bbox 643 2658 675 2700; x_wconf 87' lang='lat' dir='ltr'>r.</span> <span class='ocrx_word' id='word_1_140' title='bbox 698 2635 870 2716; x_wconf 90' lang='lat' dir='ltr'>modicum,</span> <span class='ocrx_word' id='word_1_141' title='bbox 892 2644 947 2704; x_wconf 87' lang='lat' dir='ltr'>aut</span> <span class='ocrx_word' id='word_1_142' title='bbox 969 2635 1051 2716; x_wconf 89' lang='lat' dir='ltr'>leue,</span> <span class='ocrx_word' id='word_1_143' title='bbox 1073 2657 1231 2703; x_wconf 84' lang='lat' dir='ltr'>aerosum.</span> <span class='ocrx_word' id='word_1_144' title='bbox 1296 2642 1300 2647; x_wconf 77' lang='grc'>’</span> 
     </span>
    </p>
   </div>
   <div class='ocr_carea' id='block_1_3' title="bbox 370 2734 1505 2838">
    <p class='ocr_par' dir='ltr' id='par_1_16' title="bbox 370 2734 1505 2838">
     <span class='ocr_line' id='line_1_22' title="bbox 370 2734 1505 2838; baseline 0.003 -31"><span class='ocrx_word' id='word_1_145' title='bbox 370 2741 421 2808; x_wconf 87' lang='grc'><strong>33.</strong></span> <span class='ocrx_word' id='word_1_146' title='bbox 451 2765 530 2820; x_wconf 79' lang='lat' dir='ltr'>ovas</span> <span class='ocrx_word' id='word_1_147' title='bbox 553 2768 652 2814; x_wconf 80' lang='lat' dir='ltr'>sruvs.</span> <span class='ocrx_word' id='word_1_148' title='bbox 675 2768 792 2838; x_wconf 90' lang='lat' dir='ltr'>penem</span> <span class='ocrx_word' id='word_1_149' title='bbox 813 2745 897 2814; x_wconf 90' lang='lat' dir='ltr'>dicit</span> <span class='ocrx_word' id='word_1_150' title='bbox 983 2769 1058 2816; x_wconf 80' lang='lat' dir='ltr'>nau.</span> <span class='ocrx_word' id='word_1_151' title='bbox 1080 2747 1107 2813; x_wconf 88' lang='lat' dir='ltr'>si</span> <span class='ocrx_word' id='word_1_152' title='bbox 1128 2754 1162 2813; x_wconf 86' lang='lat' dir='ltr'>te</span> <span class='ocrx_word' id='word_1_153' title='bbox 1182 2766 1249 2814; x_wconf 90' lang='lat' dir='ltr'>non</span> <span class='ocrx_word' id='word_1_154' title='bbox 1269 2743 1399 2812; x_wconf 84' lang='lat' dir='ltr'>adiuuat</span> <span class='ocrx_word' id='word_1_155' title='bbox 1504 2734 1505 2764; x_wconf 46' lang='lat' dir='ltr'>l</span> 
     </span>
    </p>
   </div>
   <div class='ocr_carea' id='block_1_4' title="bbox 288 2850 398 2920">
    <p class='ocr_par' dir='ltr' id='par_1_17' title="bbox 288 2850 398 2920">
     <span class='ocr_line' id='line_1_23' title="bbox 288 2850 398 2920; baseline 0.055 -6"><span class='ocrx_word' id='word_1_156' title='bbox 288 2850 398 2920; x_wconf 83' lang='lat' dir='ltr'>latum.</span> 
     </span>
    </p>
   </div>
   <div class='ocr_carea' id='block_1_5' title="bbox 287 2961 1398 3162">
    <p class='ocr_par' dir='ltr' id='par_1_18' title="bbox 287 2961 1398 3162">
     <span class='ocr_line' id='line_1_24' title="bbox 371 2961 1398 3058; baseline 0.008 -32"><span class='ocrx_word' id='word_1_157' title='bbox 371 2961 424 3030; x_wconf 90' lang='grc'><strong>34.</strong></span> <span class='ocrx_word' id='word_1_158' title='bbox 448 2985 501 3029; x_wconf 81' lang='lat' dir='ltr'>run</span> <span class='ocrx_word' id='word_1_159' title='bbox 524 2987 650 3032; x_wconf 82' lang='lat' dir='ltr'>rncrnr.</span> <span class='ocrx_word' id='word_1_160' title='bbox 676 2967 888 3055; x_wconf 64' lang='lat' dir='ltr'>[rueoourral</span> <span class='ocrx_word' id='word_1_161' title='bbox 911 2976 984 3035; x_wconf 87' lang='lat' dir='ltr'>ente</span> <span class='ocrx_word' id='word_1_162' title='bbox 1006 2991 1070 3036; x_wconf 92' lang='lat' dir='ltr'>noo</span> <span class='ocrx_word' id='word_1_163' title='bbox 1093 2967 1172 3049; x_wconf 68' lang='lat' dir='ltr'>uisa</span> <span class='ocrx_word' id='word_1_164' title='bbox 1194 2989 1280 3058; x_wconf 86' lang='lat' dir='ltr'>quae</span> <span class='ocrx_word' id='word_1_165' title='bbox 1302 2989 1398 3036; x_wconf 87' lang='lat' dir='ltr'>exce·</span> 
     </span>
     <span class='ocr_line' id='line_1_25' title="bbox 287 3069 738 3162; baseline 0.016 -26"><span class='ocrx_word' id='word_1_166' title='bbox 287 3069 342 3136; x_wconf 86' lang='lat' dir='ltr'>dat</span> <span class='ocrx_word' id='word_1_167' title='bbox 363 3071 543 3162; x_wconf 83' lang='lat' dir='ltr'>opinionem</span> <span class='ocrx_word' id='word_1_168' title='bbox 564 3073 738 3143; x_wconf 88' lang='lat' dir='ltr'>hominum.</span> 
     </span>
    </p>
   </div>
   <div class='ocr_carea' id='block_1_6' title="bbox 248 3179 1397 3502">
    <p class='ocr_par' dir='ltr' id='par_1_19' title="bbox 248 3179 1397 3502">
     <span class='ocr_line' id='line_1_26' title="bbox 248 3179 1397 3277; baseline 0.009 -33"><span class='ocrx_word' id='word_1_169' title='bbox 248 3199 275 3240; x_wconf 77' lang='lat'>2⁵</span> <span class='ocrx_word' id='word_1_170' title='bbox 371 3179 423 3245; x_wconf 88' lang='lat'>35.</span> <span class='ocrx_word' id='word_1_171' title='bbox 460 3205 598 3258; x_wconf 83' lang='lat' dir='ltr'>ovrnvrs</span> <span class='ocrx_word' id='word_1_172' title='bbox 623 3185 816 3274; x_wconf 66' lang='lat' dir='ltr'>[osennnol</span> <span class='ocrx_word' id='word_1_173' title='bbox 850 3187 924 3277; x_wconf 89' lang='lat' dir='ltr'>quia</span> <span class='ocrx_word' id='word_1_174' title='bbox 950 3187 1107 3256; x_wconf 85' lang='lat' dir='ltr'>saliuosus</span> <span class='ocrx_word' id='word_1_175' title='bbox 1135 3189 1202 3255; x_wconf 83' lang='lat' dir='ltr'>luit</span> <span class='ocrx_word' id='word_1_176' title='bbox 1291 3185 1397 3254; x_wconf 82' lang='lat' dir='ltr'>Vrano</span> 
     </span>
     <span class='ocr_line' id='line_1_27' title="bbox 289 3291 1397 3391; baseline 0.006 -34"><span class='ocrx_word' id='word_1_177' title='bbox 289 3313 406 3358; x_wconf 87' lang='lat' dir='ltr'>nomen</span> <span class='ocrx_word' id='word_1_178' title='bbox 426 3291 539 3360; x_wconf 92' lang='lat' dir='ltr'>diuitis.</span> <span class='ocrx_word' id='word_1_179' title='bbox 628 3299 787 3385; x_wconf 89' lang='lat' dir='ltr'>quamuis,</span> <span class='ocrx_word' id='word_1_180' title='bbox 809 3297 919 3388; x_wconf 87' lang='lat' dir='ltr'>inquit,</span> <span class='ocrx_word' id='word_1_181' title='bbox 941 3296 994 3366; x_wconf 91' lang='lat' dir='ltr'>ille</span> <span class='ocrx_word' id='word_1_182' title='bbox 1017 3299 1106 3366; x_wconf 85' lang='lat' dir='ltr'>diues</span> <span class='ocrx_word' id='word_1_183' title='bbox 1129 3297 1259 3366; x_wconf 90' lang='lat' dir='ltr'>cinedus</span> <span class='ocrx_word' id='word_1_184' title='bbox 1281 3320 1397 3391; x_wconf 88' lang='lat' dir='ltr'>penem</span> 
     </span>
     <span class='ocr_line' id='line_1_28' title="bbox 289 3405 1397 3502; baseline 0.006 -33"><span class='ocrx_word' id='word_1_185' title='bbox 289 3411 380 3470; x_wconf 88' lang='lat' dir='ltr'>tuum</span> <span class='ocrx_word' id='word_1_186' title='bbox 401 3405 606 3496; x_wconf 84' lang='lat' dir='ltr'>conspexerit</span> <span class='ocrx_word' id='word_1_187' title='bbox 634 3413 666 3472; x_wconf 88' lang='lat' dir='ltr'>et</span> <span class='ocrx_word' id='word_1_188' title='bbox 692 3407 865 3498; x_wconf 84' lang='lat' dir='ltr'>cupiditate</span> <span class='ocrx_word' id='word_1_189' title='bbox 886 3406 1009 3476; x_wconf 89' lang='lat' dir='ltr'>blandis</span> <span class='ocrx_word' id='word_1_190' title='bbox 1031 3417 1063 3476; x_wconf 94' lang='lat' dir='ltr'>te</span> <span class='ocrx_word' id='word_1_191' title='bbox 1086 3407 1226 3502; x_wconf 89' lang='lat' dir='ltr'>epistolis</span> <span class='ocrx_word' id='word_1_192' title='bbox 1249 3415 1282 3476; x_wconf 86' lang='lat' dir='ltr'>et</span> <span class='ocrx_word' id='word_1_193' title='bbox 1303 3407 1397 3500; x_wconf 82' lang='lat' dir='ltr'>dipti-</span> 
     </span>
    </p>
   </div>
   <div class='ocr_carea' id='block_1_7' title="bbox 284 3662 1396 4283">
    <p class='ocr_par' dir='ltr' id='par_1_20' title="bbox 284 3662 1396 4283">
     <span class='ocr_line' id='line_1_29' title="bbox 285 3662 1396 3743; baseline 0.005 -25"><span class='ocrx_word' id='word_1_194' title='bbox 285 3662 314 3718; x_wconf 80' lang='lat' dir='ltr'>t.</span> <span class='ocrx_word' id='word_1_195' title='bbox 336 3662 421 3718; x_wconf 85' lang='lat' dir='ltr'>statui</span> <span class='ocrx_word' id='word_1_196' title='bbox 441 3666 630 3742; x_wconf 77' lang='lat' dir='ltr'>PS.oorr.p.</span> <span class='ocrx_word' id='word_1_197' title='bbox 752 3668 781 3723; x_wconf 82' lang='lat'>9.</span> <span class='ocrx_word' id='word_1_198' title='bbox 804 3684 889 3742; x_wconf 91' lang='lat' dir='ltr'>quarn</span> <span class='ocrx_word' id='word_1_199' title='bbox 910 3667 972 3742; x_wconf 81' lang='lat' dir='ltr'>(sio</span> <span class='ocrx_word' id='word_1_200' title='bbox 991 3671 1049 3727; x_wconf 94' lang='grc' dir='ltr'><strong>ΡΒ.</strong></span> <span class='ocrx_word' id='word_1_201' title='bbox 1066 3686 1139 3727; x_wconf 82' lang='lat' dir='ltr'>corr.</span> <span class='ocrx_word' id='word_1_202' title='bbox 1155 3665 1206 3743; x_wconf 83' lang='lat' dir='ltr'>p.)</span> <span class='ocrx_word' id='word_1_203' title='bbox 1240 3685 1300 3724; x_wconf 92' lang='lat' dir='ltr'>non</span> <span class='ocrx_word' id='word_1_204' title='bbox 1325 3685 1396 3726; x_wconf 90' lang='lat' dir='ltr'>eon·</span> 
     </span>
     <span class='ocr_line' id='line_1_30' title="bbox 285 3736 1396 3818; baseline 0.008 -26"><span class='ocrx_word' id='word_1_205' title='bbox 285 3736 375 3796; x_wconf 82' lang='lat' dir='ltr'>literis</span> <span class='ocrx_word' id='word_1_206' title='bbox 399 3747 468 3814; x_wconf 83' lang='lat' dir='ltr'>post</span> <span class='ocrx_word' id='word_1_207' title='bbox 493 3744 610 3799; x_wconf 84' lang='lat' dir='ltr'>maritos</span> <span class='ocrx_word' id='word_1_208' title='bbox 635 3749 746 3818; x_wconf 82' lang='lat' dir='ltr'>ponunt</span> <span class='ocrx_word' id='word_1_209' title='bbox 771 3745 829 3800; x_wconf 88' lang='grc' dir='ltr'><strong>ΡΒ.</strong></span> <span class='ocrx_word' id='word_1_210' title='bbox 928 3749 976 3804; x_wconf 90' lang='grc'><strong>11.</strong></span> <span class='ocrx_word' id='word_1_211' title='bbox 995 3763 1093 3802; x_wconf 79' lang='lat' dir='ltr'>rrrnr</span> <span class='ocrx_word' id='word_1_212' title='bbox 1118 3744 1184 3802; x_wconf 89' lang='lat' dir='ltr'>odd.</span> <span class='ocrx_word' id='word_1_213' title='bbox 1209 3762 1234 3802; x_wconf 80' lang='lat' dir='ltr'>s.</span> <span class='ocrx_word' id='word_1_214' title='bbox 1334 3745 1396 3802; x_wconf 85' lang='lat' dir='ltr'>uult</span> 
     </span>
     <span class='ocr_line' id='line_1_31' title="bbox 286 3817 1396 3892; baseline 0.005 -21"><span class='ocrx_word' id='word_1_215' title='bbox 286 3817 343 3874; x_wconf 88' lang='grc' dir='ltr'><strong>ΡΒ.</strong></span> <span class='ocrx_word' id='word_1_216' title='bbox 364 3833 438 3874; x_wconf 80' lang='lat' dir='ltr'>corr.</span> <span class='ocrx_word' id='word_1_217' title='bbox 458 3821 584 3892; x_wconf 77' lang='lat' dir='ltr'>Rutpers</span> <span class='ocrx_word' id='word_1_218' title='bbox 604 3837 684 3877; x_wconf 82' lang='lat' dir='ltr'>corr.</span> <span class='ocrx_word' id='word_1_219' title='bbox 707 3820 782 3878; x_wconf 71' lang='lat' dir='ltr'>tecet.</span> <span class='ocrx_word' id='word_1_220' title='bbox 803 3824 829 3889; x_wconf 89' lang='lat'>1,</span> <span class='ocrx_word' id='word_1_221' title='bbox 851 3825 897 3879; x_wconf 87' lang='lat'>16.</span> <span class='ocrx_word' id='word_1_222' title='bbox 1010 3828 1057 3881; x_wconf 85' lang='lat'>12.</span> <span class='ocrx_word' id='word_1_223' title='bbox 1079 3822 1184 3881; x_wconf 85' lang='lat' dir='ltr'>diuites</span> <span class='ocrx_word' id='word_1_224' title='bbox 1205 3839 1236 3879; x_wconf 85' lang='lat' dir='ltr'>se</span> <span class='ocrx_word' id='word_1_225' title='bbox 1256 3821 1396 3879; x_wconf 87' lang='lat' dir='ltr'>inclinant</span> 
     </span>
     <span class='ocr_line' id='line_1_32' title="bbox 285 3893 1396 3974; baseline 0.006 -25"><span class='ocrx_word' id='word_1_226' title='bbox 285 3895 319 3949; x_wconf 88' lang='lat' dir='ltr'>P.</span> <span class='ocrx_word' id='word_1_227' title='bbox 355 3893 459 3952; x_wconf 86' lang='lat' dir='ltr'>diuites</span> <span class='ocrx_word' id='word_1_228' title='bbox 490 3915 521 3952; x_wconf 89' lang='lat' dir='ltr'>se</span> <span class='ocrx_word' id='word_1_229' title='bbox 547 3895 688 3953; x_wconf 90' lang='lat' dir='ltr'>inclinans</span> <span class='ocrx_word' id='word_1_230' title='bbox 715 3899 746 3955; x_wconf 83' lang='lat' dir='ltr'>S.</span> <span class='ocrx_word' id='word_1_231' title='bbox 778 3916 811 3955; x_wconf 90' lang='lat' dir='ltr'>se</span> <span class='ocrx_word' id='word_1_232' title='bbox 835 3915 890 3956; x_wconf 86' lang='lat' dir='ltr'>om.</span> <span class='ocrx_word' id='word_1_233' title='bbox 917 3903 1052 3974; x_wconf 63' lang='lat' dir='ltr'>Rotam.</span> <span class='ocrx_word' id='word_1_234' title='bbox 1084 3900 1196 3958; x_wconf 84' lang='lat' dir='ltr'>scilieet</span> <span class='ocrx_word' id='word_1_235' title='bbox 1224 3901 1396 3956; x_wconf 71' lang='lat' dir='ltr'>liminius.</span> 
     </span>
     <span class='ocr_line' id='line_1_33' title="bbox 286 3969 1393 4050; baseline 0.008 -26"><span class='ocrx_word' id='word_1_236' title='bbox 286 3969 421 4027; x_wconf 86' lang='lat' dir='ltr'>diuitibus</span> <span class='ocrx_word' id='word_1_237' title='bbox 443 3989 474 4028; x_wconf 86' lang='lat' dir='ltr'>se</span> <span class='ocrx_word' id='word_1_238' title='bbox 494 3971 632 4029; x_wconf 88' lang='lat' dir='ltr'>inclinare</span> <span class='ocrx_word' id='word_1_239' title='bbox 653 3973 721 4030; x_wconf 86' lang='lat' dir='ltr'>uiris</span> <span class='ocrx_word' id='word_1_240' title='bbox 741 3993 770 4050; x_wconf 90' lang='lat' dir='ltr'>p.</span> <span class='ocrx_word' id='word_1_241' title='bbox 849 3984 907 4032; x_wconf 86' lang='lat' dir='ltr'>tam</span> <span class='ocrx_word' id='word_1_242' title='bbox 928 3979 986 4033; x_wconf 88' lang='grc' dir='ltr'><strong>ΡΒ.</strong></span> <span class='ocrx_word' id='word_1_243' title='bbox 999 3995 1073 4035; x_wconf 74' lang='lat' dir='ltr'>cors.</span> <span class='ocrx_word' id='word_1_244' title='bbox 1094 3979 1124 4034; x_wconf 85' lang='lat' dir='ltr'>G.</span> <span class='ocrx_word' id='word_1_245' title='bbox 1141 3973 1244 4034; x_wconf 76' lang='lat' dir='ltr'>Bmt.</span> <span class='ocrx_word' id='word_1_246' title='bbox 1323 3995 1393 4033; x_wconf 86' lang='lat' dir='ltr'>eou-</span> 
     </span>
     <span class='ocr_line' id='line_1_34' title="bbox 285 4049 1395 4126; baseline 0.007 -24"><span class='ocrx_word' id='word_1_247' title='bbox 285 4056 443 4120; x_wconf 85' lang='lat' dir='ltr'>sequanrur</span> <span class='ocrx_word' id='word_1_248' title='bbox 463 4051 495 4105; x_wconf 92' lang='grc' dir='ltr'><strong>Β.</strong></span> <span class='ocrx_word' id='word_1_249' title='bbox 585 4054 630 4106; x_wconf 87' lang='grc'><strong>13.</strong></span> <span class='ocrx_word' id='word_1_250' title='bbox 652 4049 783 4110; x_wconf 88' lang='lat' dir='ltr'>Neuolus</span> <span class='ocrx_word' id='word_1_251' title='bbox 804 4054 938 4110; x_wconf 84' lang='lat' dir='ltr'>Po2nr.</span> <span class='ocrx_word' id='word_1_252' title='bbox 1032 4059 1078 4112; x_wconf 85' lang='grc'><strong>18.</strong></span> <span class='ocrx_word' id='word_1_253' title='bbox 1099 4053 1245 4110; x_wconf 85' lang='lat' dir='ltr'>albelione</span> <span class='ocrx_word' id='word_1_254' title='bbox 1264 4056 1395 4126; x_wconf 60' lang='lat' dir='ltr'>Rotam</span> 
     </span>
     <span class='ocr_line' id='line_1_35' title="bbox 284 4121 1395 4203; baseline 0.008 -26"><span class='ocrx_word' id='word_1_255' title='bbox 284 4139 363 4180; x_wconf 74' lang='lat' dir='ltr'>corr.</span> <span class='ocrx_word' id='word_1_256' title='bbox 385 4121 459 4181; x_wconf 83' lang='lat' dir='ltr'>lectt.</span> <span class='ocrx_word' id='word_1_257' title='bbox 482 4128 534 4193; x_wconf 77' lang='lat' dir='ltr'>Vr,</span> <span class='ocrx_word' id='word_1_258' title='bbox 554 4131 602 4184; x_wconf 88' lang='grc'><strong>18.</strong></span> <span class='ocrx_word' id='word_1_259' title='bbox 622 4127 749 4203; x_wconf 88' lang='lat' dir='ltr'>alioquin</span> <span class='ocrx_word' id='word_1_260' title='bbox 771 4140 817 4187; x_wconf 82' lang='lat' dir='ltr'>sar</span> <span class='ocrx_word' id='word_1_261' title='bbox 837 4129 909 4186; x_wconf 89' lang='lat' dir='ltr'>duro</span> <span class='ocrx_word' id='word_1_262' title='bbox 930 4129 1044 4188; x_wconf 80' lang='lat' dir='ltr'>euerrllo</span> <span class='ocrx_word' id='word_1_263' title='bbox 1064 4133 1095 4188; x_wconf 78' lang='grc' dir='ltr'><strong>Β.</strong></span> <span class='ocrx_word' id='word_1_264' title='bbox 1111 4129 1213 4188; x_wconf 81' lang='lat' dir='ltr'>Bortb.</span> <span class='ocrx_word' id='word_1_265' title='bbox 1234 4129 1324 4187; x_wconf 84' lang='lat' dir='ltr'>albidi</span> <span class='ocrx_word' id='word_1_266' title='bbox 1343 4146 1395 4186; x_wconf 78' lang='lat' dir='ltr'>ca-</span> 
     </span>
     <span class='ocr_line' id='line_1_36' title="bbox 285 4197 947 4283; baseline 0.018 -30"><span class='ocrx_word' id='word_1_267' title='bbox 285 4197 367 4256; x_wconf 89' lang='lat' dir='ltr'>durci</span> <span class='ocrx_word' id='word_1_268' title='bbox 387 4199 449 4257; x_wconf 88' lang='lat' dir='ltr'>siue</span> <span class='ocrx_word' id='word_1_269' title='bbox 470 4201 619 4261; x_wconf 91' lang='lat' dir='ltr'>cucullio.</span> <span class='ocrx_word' id='word_1_270' title='bbox 699 4209 746 4266; x_wconf 83' lang='grc'><strong>27.</strong></span> <span class='ocrx_word' id='word_1_271' title='bbox 768 4206 893 4283; x_wconf 79' lang='lat' dir='ltr'>dypticis</span> <span class='ocrx_word' id='word_1_272' title='bbox 912 4211 947 4265; x_wconf 87' lang='lat' dir='ltr'>P.</span> 
     </span>
    </p>
   </div>
   <div class='ocr_carea' id='block_1_8' title="bbox 0 0 1518 4859">
    <p class='ocr_par' dir='ltr' id='par_1_21' title="bbox 0 0 1518 4859">
     <span class='ocr_line' id='line_1_37' title="bbox 0 0 1518 4859; baseline 0 0"><span class='ocrx_word' id='word_1_273' title='bbox 0 0 1518 4859; x_wconf 95' lang='lat' dir='ltr'> </span> 
     </span>
    </p>
   </div>
  </div>
 </body>
</html>
