3025 4859
275 349 349 424 146
651 363 686 415 o.
705 362 794 415 rvmr
814 360 1009 414 rvvnmnrs

277 531 414 596 eiectum
437 527 536 594 semel
558 529 660 595 attrita
684 529 724 596 de
742 530 846 596 fronte
868 525 1043 596 ruborem?

277 640 421 730 quisnam
444 637 606 705 bominum
630 649 687 721 est,
710 663 807 730 quem
830 649 864 706 tu
888 647 1071 706 contontum
1093 636 1209 706 uideris
1229 659 1294 704 uno

277 747 417 840 flagitio?
440 749 526 815 dabit
546 750 579 816 in
600 747 750 841 laqueum
774 751 905 841 uestigia
927 759 1035 816 noster

278 858 417 951 pertidus
439 868 471 925 ot
492 860 573 950 nigri
595 862 731 950 patietur
753 862 890 927 carceris
912 883 1031 928 ameum
1321 865 1385 924 245

278 978 333 1036 aut
353 971 449 1036 maris
471 971 590 1061 Aegaei
611 991 724 1060 rupem
747 970 960 1061 scopulosque
983 972 1163 1061 frequentes

279 1079 425 1147 exulibus
448 1082 579 1170 magnis.
613 1101 716 1170 poena
738 1081 891 1170 gaudebis
914 1103 1021 1147 amara

277 1190 413 1258 nominis
433 1191 535 1270 inuisi,
558 1189 750 1279 tandemque
772 1190 912 1258 fatebere
936 1190 1038 1257 laetus

279 1323 339 1368 nee
362 1300 492 1366 surdum
514 1323 575 1367 nec
597 1299 740 1368 Tiresian
762 1325 956 1394 quemquam
980 1325 1050 1369 esse
1073 1302 1214 1370 deorum.

573 1630 896 1707 sdrvud
950 1633 1089 1706 Xllll.

279 1831 418 1898 Plurima
440 1839 521 1911 sunt,
543 1829 688 1912 Fuscinc,
712 1832 849 1898 etfama
872 1831 964 1924 digna
988 1834 1112 1899 sinistro

278 1951 311 2009 et
331 1941 435 2008 nitidis
457 1940 614 2008 maculam
637 1941 805 2009 haesuram
828 1941 953 2034 figentia
976 1941 1080 2022 rebus

279 2074 360 2141 quae
383 2059 560 2118 monstrant
581 2053 640 2143 ipsi
662 2055 768 2144 pueris
791 2051 980 2143 traduntque
1002 2061 1158 2144 parentes.

277 2163 303 2229 si
326 2160 478 2229 damnosa
499 2185 608 2230 senem
630 2165 718 2230 iuuat
739 2161 817 2244 aleo,
839 2160 919 2228 ludit
941 2171 972 2228 et
993 2163 1086 2230 heres

279 2270 415 2339 bullatus
437 2295 600 2364 paruoque
623 2275 733 2340 eadem
757 2281 867 2339 mouet
888 2295 975 2339 armo
999 2274 1113 2342 fritillo.

277 2404 338 2450 nec
360 2380 473 2448 melius
496 2384 592 2450 dese
615 2385 763 2474 cuiquam
787 2405 915 2474 sperare
936 2384 1113 2475 propinquo

277 2492 431 2561 concedet
452 2494 584 2574 iuuenis,
607 2494 661 2586 qui
682 2493 794 2560 radere
816 2493 927 2560 tubera
951 2501 1061 2574 terrae,

276 2603 418 2670 boletum
440 2605 570 2671 condire
594 2611 625 2670 et
648 2604 762 2671 eodem
784 2605 851 2670 iure
873 2605 1008 2671 natantis

274 2736 421 2806 mergere
442 2712 593 2780 ficedulas
615 2714 723 2781 didicit
744 2713 903 2782 nebulone
925 2725 1056 2806 parente

275 2833 309 2892 et
330 2847 408 2892 cana
431 2829 626 2889 monstrante
647 2823 732 2914 gula.
766 2848 840 2892 cum
863 2828 1015 2918 septimus
1038 2850 1139 2896 annus
1343 2843 1387 2899 10
1508 2843 1509 2868 ¹

271 3129 339 3185 246.
359 3128 442 3204 aegei
462 3127 511 3200 Pf.
626 3129 694 3189 249.
714 3132 839 3189 teresian
859 3134 894 3190 P.

327 3257 405 3314 Sat.
425 3260 531 3315 Xffll.
574 3255 619 3314 De
640 3257 863 3317 institutionibus
884 3263 912 3317 P
935 3257 1045 3319 ΠΕΡΙ
1064 3257 1325 3324 ΑΝΑΓΩΓΩΝ

359 3330 476 3392 HPOc
498 3330 763 3393 ΦΟΥΟΚΙΝΟΝ
779 3343 836 3394 oet.
848 3335 910 3395 rod.
925 3341 1025 3398 Lutto.
1037 3339 1115 3416 opud
1124 3341 1284 3400 Pithoeorrr.

268 3438 365 3492 Porti
383 3433 490 3493 babent
503 3434 592 3511 oboyp
603 3436 646 3510 (to
656 3436 800 3513 ororqtoe)
817 3437 896 3498 codd.
911 3443 1124 3500 Gontertrrouu.
1137 3441 1213 3506 lectt.
1224 3450 1284 3514 m,
1295 3449 1328 3505 61
1344 3463 1381 3514 c:

267 3523 296 3567 et
318 3513 395 3585 quod
416 3513 553 3569 maiorum
575 3514 644 3570 uitio
665 3515 853 3590 sequiturque
867 3515 1089 3596 rnioores,'post
1103 3522 1139 3578 14
1154 3521 1216 3580 cod.
1231 3523 1380 3582 [tresclen-

265 3589 309 3644 sto
321 3591 356 3644 D.
369 3592 434 3646 153.
457 3587 518 3661 (ubi
534 3589 642 3665 quidet
655 3587 765 3665 uitiar),
786 3592 914 3668 quisquis
936 3597 1073 3652 maiorum
1096 3597 1164 3654 uitio
1185 3599 1378 3678 sequiturque

266 3665 390 3723 minores
409 3683 557 3740 suprascr.
578 3665 709 3722 VACAT
731 3666 793 3726 cod.
808 3672 998 3729 Monacensis
1010 3677 1076 3741 260,
1097 3683 1126 3732 et
1146 3675 1224 3750 qood
1245 3686 1289 3734 est
1308 3697 1376 3736 ura-

262 3740 354 3796 iorum
380 3743 510 3816 sequitur
535 3744 633 3799 uitium
659 3745 783 3801 minores
809 3745 870 3803 cod.
886 3751 1068 3807 Hortrrierreis.
1094 3757 1269 3829 pootdqroni
1286 3773 1375 3830 porse

261 3820 375 3890 meruit
389 3817 533 3887 Pithoeus,
544 3822 624 3876 eiecit
635 3822 759 3895 Lipsius
772 3825 869 3897 epistt.
882 3832 1008 3899 quoestt.
1020 3830 1073 3895 111,
1086 3831 1131 3886 15.
1220 3835 1249 3888 2.
1271 3850 1372 3890 roncu-

261 3891 317 3950 laur
338 3893 470 3952 besorarn
489 3899 519 3951 ·Ρ
541 3894 818 3954 Weberorrimodou.
832 3906 973 3978 p.37sq.:
999 3905 1139 3962 maculam
1160 3924 1194 3964 ac
1214 3925 1312 3983 rugam
1334 3928 1371 3980 co,

260 3971 400 4029 maculam
421 3983 450 4030 et
470 3991 569 4045 rugam
589 3989 607 4039 ς
629 3971 786 4044 Wakefield
795 3975 862 4034 silo.
875 3981 941 4036 crit.
953 3981 1082 4055 111149.
1210 3987 1238 4042 7.
1261 4004 1369 4044 conce-

258 4047 308 4103 det
328 4052 385 4115 Ρςε
405 4049 538 4108 concedit
557 4068 592 4106 ω.
671 4051 887 4112 raderetubera
907 4059 941 4126 P,
963 4057 1078 4117 raderet
1093 4062 1191 4117 umbra
1210 4060 1234 4133 s.
1253 4053 1369 4122 ‘tubera

255 4132 360 4196 terrae,
380 4115 471 4182 idro’
492 4125 581 4258 qloss.
593 4130 631 4186 11.
642 4126 741 4202 Steub.
751 4134 853 4202 p.218.
932 4137 961 4191 8.
982 4137 1107 4194 natantis
1128 4141 1167 4196 P:
1187 4148 1369 4200 natantesor.

252 4205 280 4258 s.
301 4199 410 4259 ficellas
430 4206 493 4260 Luc
512 4221 606 4261 morrrr.
686 4209 732 4262 10.
752 4205 821 4282 gula
839 4227 902 4284 pro:
919 4208 986 4285 gyla
1005 4215 1040 4270 P.
