3025 4859
237 365 313 440 156
612 383 647 436 u.
665 381 755 434 rvnu
773 381 967 436 rvvennnrs

236 572 310 618 cum
331 548 410 616 dicis
431 549 539 616 iuueni
561 549 703 630 stultum,
725 550 780 640 qui
802 548 898 615 donet
921 547 1033 628 amico,
1283 555 1345 612 2³5

236 662 291 750 qui
313 668 532 751 paupertatem
553 658 642 728 leuet
663 659 850 750 attollatque
871 661 1048 750 propinqui,

236 777 269 836 et
290 768 428 860 spoliare
451 772 548 838 doces
571 782 604 839 et
625 769 884 840 circumscribere
908 777 940 834 et
961 772 1047 836 omni

237 881 366 948 crimine
389 880 513 948 diuitias
536 885 711 974 anquirere,
734 901 868 970 quarum
892 901 981 944 amor
1003 881 1034 946 in
1058 889 1099 961 te,

238 1001 374 1086 quantus
398 1000 466 1057 erat
488 993 608 1082 patriae
629 991 806 1060 Deciorum
828 990 860 1056 in
882 997 1022 1079 pectore,
1045 998 1200 1082 quantum

238 1102 349 1171 dilexit
370 1099 508 1182 Thebas,
530 1103 557 1167 si
580 1101 713 1168 Graecia
738 1123 823 1180 uera,
847 1097 1050 1181 Menoeceus,
1288 1106 1353 1166 240

236 1215 269 1281 in
291 1235 429 1304 quorum
452 1212 549 1279 sulcis
570 1211 713 1306 legiones
735 1209 882 1278 dentibus
905 1212 1017 1302 anguis

238 1347 312 1392 cum
334 1322 444 1414 clipeis
467 1334 640 1392 nascuntur
662 1333 695 1392 et
714 1320 842 1389 horrida
865 1318 947 1386 bella
970 1331 1142 1412 capessunt

240 1435 400 1514 continuo,
424 1442 585 1526 tamquam
609 1443 641 1502 et
662 1433 790 1500 tubicen
814 1433 987 1500 surrexerit
1007 1455 1079 1499 una.

240 1568 318 1637 ergo
340 1546 458 1636 ignem,
481 1547 571 1614 cuius
594 1543 745 1612 scintillas
766 1545 836 1635 ipse
860 1543 982 1624 dedisti,

238 1655 425 1747 flagrantem
447 1653 511 1721 late
533 1665 567 1721 et
587 1656 763 1746 rapientem
787 1661 902 1720 cuncto
924 1651 1056 1720 uidebis.
1190 1663 1192 1674 ’
1289 1661 1353 1722 245

239 1789 300 1834 nec
322 1764 378 1831 tibi
400 1775 550 1856 parcetur
571 1767 697 1845 misero,
720 1764 942 1856 trepidumque
964 1764 1151 1856 magistrum

239 1876 272 1943 in
295 1897 394 1942 cauea
416 1898 532 1967 magno
555 1877 682 1942 fremitu
702 1873 754 1941 leo
778 1873 868 1942 tollet
889 1873 1045 1941 alumnus.
1136 1882 1140 1890 '

239 1995 315 2055 nota
338 1984 570 2052 mathematicis
592 1986 718 2078 genesis
740 1993 810 2066 tua;
834 1985 890 2051 sed
913 2005 1012 2075 graue
1033 1983 1139 2052 tardas

242 2105 412 2188 expectare
435 2095 538 2162 colus:
562 2097 705 2163 morieris
728 2097 862 2162 stamine
884 2095 1025 2162 nondum

241 2206 386 2295 abrupto.
416 2207 481 2272 iam
502 2229 587 2273 nunc
610 2205 717 2272 obstas
739 2214 773 2272 et
793 2215 870 2272 uota
892 2207 1035 2287 moraris,
1291 2219 1356 2275 250

242 2319 305 2383 iam
327 2324 455 2407 torquet
477 2318 626 2384 iuuenem
647 2315 742 2408 longa
767 2324 799 2382 et
821 2318 948 2384 ceruina
971 2324 1128 2386 senectus.

243 2428 332 2495 ocius
354 2425 556 2518 Archigenen
579 2436 815 2519 quaerentque
838 2450 910 2495 eme
932 2428 1017 2519 quod
1040 2425 1237 2496 blithridates

244 2539 433 2628 composuit,
457 2538 483 2602 si
505 2539 554 2604 uis
577 2538 671 2606 aliam
693 2539 867 2629 decerpere
889 2537 984 2604 ficum

241 2656 337 2738 atque
361 2645 438 2714 alias
462 2656 598 2715 tractare
619 2671 717 2716 rosas.
742 2649 940 2715 medicamen
962 2648 1144 2716 habendum
1167 2660 1223 2734 est,

242 2758 372 2826 sorbere
394 2766 468 2825 ante
492 2759 597 2826 cibum
620 2760 706 2851 quod
730 2759 846 2827 debeat
869 2768 900 2825 et
921 2767 1012 2852 pater
1035 2768 1068 2825 et
1089 2783 1156 2826 rex.
1292 2771 1355 2828 255

326 2868 470 2936 hlonstro
492 2868 691 2961 uoluptatem
713 2872 884 2962 egregiam,
908 2871 959 2937 cui
979 2869 1066 2937 nulla
1088 2869 1218 2953 theatra,

242 2977 328 3046 nulla
351 3002 488 3069 aequare
511 3001 610 3069 queas
632 2982 788 3070 praetoris
811 2980 930 3072 pulpita
952 2980 1037 3061 lauti,

243 3091 270 3156 si
292 3097 419 3180 spectes
442 3097 560 3179 quanto
583 3091 694 3180 capitis
716 3091 897 3158 discrimine
919 3101 1066 3160 constent

243 3202 439 3267 incrementa
461 3198 583 3280 domus,
605 3210 711 3267 aerata
733 3201 853 3268 multus
876 3203 908 3268 in
930 3225 1003 3269 arca

242 3308 338 3376 fiscus
361 3316 394 3374 et
415 3308 455 3376 ad
476 3309 606 3401 uigilem
627 3311 766 3401 ponendi
787 3311 921 3379 Castora
944 3315 1073 3392 nummi,
1292 3328 1356 3384 260

243 3443 284 3487 ex
307 3442 371 3513 quo
393 3419 479 3487 biars
501 3419 587 3487 ultor
608 3421 733 3514 galeam
756 3444 884 3515 quoque
905 3422 1040 3514 perdidit
1063 3433 1095 3490 et
1115 3445 1168 3490 res

242 3757 311 3817 235.
333 3755 436 3814 stultus
458 3772 484 3823 ς.
605 3762 673 3818 238.
694 3759 847 3835 anquirere
869 3761 1009 3836 Ruperti:
1030 3759 1174 3834 arquirere
1195 3760 1228 3825 P,
1249 3756 1356 3832 adqui·

243 3854 308 3893 rere
327 3854 356 3910 p.
433 3838 501 3892 240.
523 3853 650 3911 ueraque
670 3837 846 3895 Moenoceus
866 3841 900 3894 P.
979 3838 1045 3893 241.
1068 3853 1187 3912 quorum
1208 3837 1259 3892 Ρω
1277 3835 1358 3892 (lon-

242 3919 365 3971 torsnus
378 3929 458 3969 uara.
474 3909 549 3970 lectt.
564 3914 615 3970 14:
637 3933 757 3990 quarum
779 3930 806 3981 ς.
884 3913 951 3972 245.
973 3921 1002 3971 et
1023 3913 1081 3970 late
1101 3928 1145 3979 ος.
1222 3912 1289 3969 247.
1304 3930 1357 3969 ca-

245 4009 329 4048 ueam
349 3988 395 4056 dc.
565 3991 632 4049 248.
653 4001 821 4048 nota-tua
841 3994 987 4049 Ρήεοῑαη.
1002 3993 1088 4060 VIII,
1103 3992 1148 4057 14,
1161 3991 1198 4048 75
1212 3991 1315 4064 p.82fi.

243 4071 311 4125 249.
334 4065 414 4123 colos
435 4081 463 4133 ς.
541 4071 609 4126 250.
630 4076 699 4125 uoto
719 4086 779 4144 pm:
800 4079 867 4125 uoto
888 4071 946 4126 ΡΒ.
1026 4071 1093 4126 252.
1114 4067 1211 4123 occius
1231 4067 1287 4124 PS.

244 4143 405 4202 mitridates
424 4147 458 4200 Ρ.
591 4149 658 4204 255.
680 4148 798 4203 sorbere
820 4155 887 4203 ante
906 4165 966 4222 pm:
986 4146 1106 4202 sorbere
1126 4153 1155 4201 et
1175 4152 1242 4200 ante
1262 4146 1316 4210 Ρς.

244 4229 354 4279 et—et
373 4223 413 4278 P:
433 4229 583 4280 aur-ant
602 4241 637 4280 ω.
754 4226 822 4282 260.
846 4223 969 4280 Castora
987 4239 1048 4300 pro:
1071 4221 1196 4280 Castum
1215 4223 1250 4280 Ρ.
