3025 4859
617 372 762 428 ssrvns
781 376 802 428 r.
1193 358 1266 433 181

243 540 311 604 107.
336 560 608 607 carnonensi.
634 566 661 609 c.
685 565 706 609 1.
730 568 759 611 r.
794 544 870 635 quid
892 553 1032 637 praestat
1056 540 1213 624 nobilitas,
1242 543 1269 609 si

153 652 369 719 mercenarius
391 648 511 715 alienus
533 650 648 719 nobilis
670 662 719 720 est
741 664 775 721 et
795 654 939 748 pauper?

241 762 312 828 109.
335 759 509 829 Praetura
531 786 574 827 er
597 760 633 828 L.
672 762 776 831 Pallas
800 775 832 832 et
853 763 992 833 Licinius
1018 768 1051 832 in
1072 762 1145 832 aula
1167 761 1267 832 Clau·

154 872 197 939 dii
218 869 366 938 Caesaris
388 872 551 963 propositi,
574 896 683 941 curam
705 876 751 942 rei
774 875 920 967 publicae
935 884 1112 971 gesserunt,
1136 897 1211 943 cum
1228 874 1266 941 li·

150 978 264 1051 bertini
287 989 402 1049 essent.
1278 1021 1291 1061 5

240 1093 310 1160 lll.
332 1114 439 1162 nurse
461 1118 482 1161 1.
504 1118 536 1161 u.
560 1118 591 1161 v.
615 1120 644 1164 Ρ.
690 1099 829 1167 ostendit
854 1098 927 1192 plus
953 1097 1083 1168 honoris
1110 1097 1212 1165 uideri
1232 1097 1264 1162 in

153 1202 268 1274 calceis
300 1228 397 1295 quarn
418 1207 451 1274 in
472 1228 617 1298 persona.
650 1209 682 1275 in
703 1207 757 1279 illo
780 1213 865 1279 enim
888 1215 1032 1302 tempore
1053 1208 1192 1277 necdum
1213 1229 1265 1274 se·

151 1324 279 1384 naiores
301 1318 399 1410 nigris
419 1316 535 1386 calceis
557 1318 735 1387 utebantur.
826 1322 943 1412 [neers]
966 1322 999 1390 id
1022 1329 1071 1388 est
1091 1318 1185 1387 nudis
1205 1338 1264 1409 pe-

152 1426 253 1510 dibus,
285 1427 338 1495 uel
367 1426 605 1521 puluerulentis‚
632 1428 685 1496 uel
714 1431 826 1514 bracis,
860 1433 914 1499 uel
941 1431 1074 1526 pedules
1101 1451 1205 1499 nouos
1230 1428 1263 1495 in

151 1538 265 1621 bracis,
286 1560 368 1631 quos
389 1539 539 1630 pedornis
562 1540 679 1623 dicunt,
702 1550 737 1608 ut
757 1547 954 1637 peregrinus.
1277 1582 1304 1624 ,ο

238 1650 309 1717 112.
333 1648 602 1735 ernooovrneu
623 1674 720 1720 rnrrn
742 1675 810 1722 uos.
832 1657 915 1722 inter
935 1676 995 1723 nos
1011 1652 1139 1747 quidem
1150 1672 1267 1745 magrra

151 1898 182 1955 5.
199 1887 315 1954 ‘Palles
329 1894 457 1965 libertas,
468 1906 500 1956 ut
512 1902 607 1975 inperii
620 1899 742 1970 Probus,
761 1900 877 1959 Giaadii
893 1902 1024 1959 Cameris
1035 1896 1165 1971 officium
1174 1899 1266 1955 ratio-

153 1990 221 2066 num
232 1972 453 2032 administrauit
465 1983 493 2032 et
509 1980 535 2033 in
547 1996 693 2035 nanterum
706 1985 874 2056 praetorum
888 1979 1001 2037 relatus
1016 1978 1069 2053 [est
1080 1972 1169 2049 add.],
1189 1973 1267 2050 qaod

153 2052 1267 2210 tttlt.ttttttltttldtttttt.lttt.⁶.t⁶t'.tdttttttt“‘istit

155 2205 225 2264 odeo
243 2204 341 2280 palata
360 2204 487 2278 fecerat,
513 2216 544 2265 ut
564 2212 594 2265 in
615 2210 737 2285 pecodem
755 2210 914 2268 simulacro
932 2209 1090 2267 Palatinae
1108 2210 1267 2265 Mineruae

155 2282 333 2357 adscriptam
359 2286 416 2352 sit,
443 2284 546 2342 Pullus
567 2283 724 2343 αἰτιῶνται
752 2280 931 2364 [attractae
953 2289 1089 2345 Eremita.
1110 2277 1265 2359 ἁγιωτάτῃ

158 2363 311 2419 Graeceius.
334 2352 406 2443 ri'l'rp
425 2356 677 2437 Sabartzdeiscb].'
707 2366 741 2421 V.
856 2357 1011 2431 ‘Licinius,
1031 2365 1124 2493 inspuit
1144 2359 1266 2425 Probus,

155 2456 192 2497 sa
215 2441 373 2496 Germania
391 2456 461 2513 puer
481 2446 586 2516 captus
606 2448 704 2499 tantae
722 2439 887 2499 industriae
905 2440 973 2512 fait,
994 2441 1177 2514 atreiqaias
1188 2436 1266 2495 ciba·

153 2518 265 2573 riorum
287 2518 364 2573 inter
384 2534 536 2575 concauus
555 2514 730 2589 foeneraret,
749 2526 778 2575 et
799 2522 844 2575 cai
864 2518 933 2593 qaid
944 2515 1107 2575 credidisset
1119 2513 1265 2590 paralipo-

153 2600 230 2651 terat
249 2592 437 2669 clriroprupbo
447 2592 640 2668 pupillaribus
652 2594 829 2653 salinatoret.
850 2614 921 2671 paros
931 2613 993 2652 cuae
1002 2593 1182 2669 expeditione
1194 2609 1265 2667 pua-

156 2669 221 2727 darn
241 2673 425 2727 baneituras
444 2669 546 2743 durren
568 2676 598 2729 ia
617 2676 799 2729 erectiorestis
811 2671 1028 2737 recondidisset,
1052 2672 1081 2728 0.
1096 2669 1176 2727 ratio
1194 2670 1265 2726 Gee-

156 2750 221 2826 sari
231 2746 355 2824 paedaru
368 2747 527 2823 derepente
538 2752 565 2805 ei
576 2747 769 2825 pupillaribus
780 2752 930 2826 quicquam
940 2754 1116 2805 annotatum
1126 2744 1267 2803 burburus

156 2824 257 2901 lapsus
278 2823 390 2901 [lubens
410 2824 437 2883 lt.
457 2826 587 2905 prudens
607 2822 643 2901 a]
666 2844 715 2883 eos
730 2825 848 2884 obtulit.
868 2830 966 2884 actim
977 2824 1015 2882 ad
1024 2824 1266 2901 dispensationem

156 2910 201 2959 est
222 2901 371 2967 admissas,
391 2921 448 2960 aare
467 2902 555 2960 marito
575 2907 856 2979 postarenumissus,
876 2911 904 2961 et
916 2901 1015 2960 deinde
1027 2902 1173 2959 curationi
1192 2899 1266 2958 Gal·

157 2979 263 3037 lienem
283 2978 318 3036 ab
337 2980 470 3055 depasto
490 2983 678 3056 praepositas
699 2999 748 3039 eus
768 2981 922 3057 spoliauit,
944 2986 971 3037 et
990 2998 1053 3037 cum
1072 2975 1208 3053 deperiret
1220 2980 1266 3033 in·

156 3056 237 3115 aridia
258 3054 408 3115 basilicans
426 3056 478 3115 sub
497 3060 613 3115 naariae
636 3059 706 3115 Gaii
725 3057 795 3116 tulii
816 3056 989 3130 aedificarit.
1010 3055 1132 3113 decessit
1144 3053 1195 3112 sub
1213 3058 1266 3112 Ψί-

156 3132 246 3203 berio,
264 3134 383 3209 proinde
403 3132 483 3191 dines
501 3134 562 3206 fait
583 3134 654 3210 qaod
678 3137 771 3193 Cassii
793 3134 906 3209 [Crassi
926 3135 970 3209 p]
998 3152 1066 3209 opes
1087 3132 1268 3189 saltuosisset

157 3220 182 3270 et
202 3210 297 3269 dictas
316 3219 360 3269 ast
379 3210 514 3269 babuisse
532 3230 663 3269 nautales
690 3211 807 3288 [fundos
826 3211 871 3287 p]
900 3218 1039 3287 pacatam
1058 3209 1141 3267 milui
1159 3209 1267 3276 uolent,

157 3288 231 3347 ande
250 3291 369 3347 Persius
391 3288 439 3363 [ΙΙ,
460 3286 523 3363 36];
549 3306 626 3347 auae
646 3292 742 3347 Licini
762 3292 794 3346 in
814 3308 940 3364 campos,
960 3305 1038 3344 irasc
1060 3288 1157 3344 Crassi
1176 3289 1268 3343 nrittit

155 3370 186 3425 in
199 3360 301 3424 aedes?
327 3369 360 3424 V.
382 3364 449 3423 baec
462 3384 520 3424 nort
531 3383 591 3422 esse
601 3369 704 3423 aeten's
718 3369 881 3442 interpretis
891 3373 973 3440 putat
993 3383 1022 3439 p.
1101 3368 1130 3421 o.
1143 3355 1268 3422 ‘Probus

156 3444 200 3503 bic
209 3447 330 3519 eapronit
342 3442 417 3501 olias
429 3449 581 3500 consuetas
592 3442 737 3519 [consutas
749 3442 942 3515 barbaranae]
956 3440 1057 3499 bebere
1068 3439 1200 3511 irradies,
1221 3439 1269 3497 ael

157 3520 230 3599 qaod
243 3520 357 3597 pedales
368 3539 460 3579 notros
473 3518 583 3578 baberet
595 3524 627 3578 ire
641 3518 760 3589 bracbis,
780 3538 851 3595 quos
860 3520 1000 3596 pedaruos
1013 3518 1119 3588 dicam,
1139 3518 1186 3575 uel
1196 3516 1269 3593 qaod

155 3616 214 3657 nore
227 3600 320 3673 aipris
328 3617 384 3657 narr
396 3596 498 3656 calceis
509 3604 690 3655 senatorum:
700 3597 774 3655 rende
783 3594 1097 3671 arboreostenditpias
1108 3595 1227 3654 bonoria
1238 3598 1269 3651 in

156 3667 601 3751 calceisessepucntirrperserrc.'
617 3677 651 3732 V.
696 3678 723 3733 8.
740 3675 946 3751 idestscripei:
966 3674 1019 3732 sed
1029 3676 1088 3745 Pa.
1128 3681 1156 3733 a.
1168 3672 1269 3731 baxeis

157 3758 373 3829 Ratpersaarr.
388 3752 463 3809 lectt.
475 3757 500 3821 1,
516 3754 562 3809 16.
584 3752 696 3809 braxeis
717 3750 909 3810 Alrneioaeers.
986 3750 1107 3829 pedales
1127 3770 1220 3808 rrouos
1240 3752 1269 3805 in

158 3831 257 3889 baxeis
278 3830 388 3887 babens
402 3834 540 3903 Ratpers.
562 3828 677 3906 pedulis
690 3848 781 3887 nouus
792 3832 943 3887 Mearsirrs
950 3828 1038 3905 ploss.
1052 3846 1080 3883 a.
1092 3820 1269 3903 noddprror.

159 3908 281 3987 pedules
302 3926 392 3965 nouas
414 3910 442 3964 in
462 3906 567 3963 calceis
588 3905 753 3964 sensurias
772 3906 811 3965 ad
829 3910 951 3983 Mrem.
969 3905 1130 3964 Atrabas.
1145 3907 1193 3963 tr.
1213 3924 1269 3982 pe-

159 3986 242 4045 dules
263 4004 355 4043 nouos
376 4004 439 4041 curn
460 3984 573 4041 braxeis
594 3981 785 4041 Alnreloaeen.
844 3985 906 4042 siue
927 3985 1020 4042 bracis
1040 3982 1068 4039 b.
1148 3988 1194 4040 10.
1215 4000 1270 4057 pe·

160 4064 268 4121 darnos
279 4062 325 4119 ael
335 4060 444 4119 udones
457 4080 485 4136 p.
511 4078 635 4139 perones
655 4062 773 4119 Saotero
784 4060 823 4120 ad
835 4060 939 4120 Sidere.
951 4059 1050 4137 Apoll.
1061 4077 1124 4135 epp.
1135 4062 1211 4126 1111,
1222 4064 1270 4116 20.

161 4142 314 4201 Ferrarius
323 4138 415 4198 anull.
426 4142 513 4214 33sq.
533 4139 665 4217 pedauas
678 4143 817 4214 Recipere.
837 4134 1272 4218 pedortesMearsius,Sabna-

158 4220 250 4281 aba..
312 4216 361 4276 uel
380 4218 547 4295 peregrinos
566 4214 591 4290 s.
