3025 4859
258 312 334 391 362
643 329 806 387 scuonu
824 332 986 389 verena.

345 500 417 567 206.
450 522 517 569 cvu
539 523 643 571 raons
665 526 831 583 nouoovr..
865 526 941 573 curn
962 501 1109 573 omnibus
1130 499 1198 569 suis
1218 498 1273 568 uel
1293 520 1373 593 pro·

205 634 206 638 ¹
262 611 387 703 pinquis
410 611 586 679 eradicatus
608 623 665 681 est.

346 722 418 788 208.
455 746 515 795 uas
536 747 680 793 earrrvn
702 749 732 795 r.
770 729 832 817 qui,
854 728 964 819 inquit,
986 728 1092 795 animo
1114 723 1220 793 scetus
1241 723 1376 817 cogitat,

261 841 423 925 tamquam
446 835 649 915 commiserit,
673 837 719 902 sie
741 860 815 904 eum
837 839 1031 906 conscientia
1052 858 1111 905 sua
1132 844 1271 928 torquet.

236 958 249 999 ⁵
347 946 419 1011 209.
447 968 513 1013 unu
536 968 656 1013 sernvs
679 967 699 1015 1.
721 970 754 1013 r.
776 972 801 1015 s.
824 972 855 1014 r.
877 949 910 1016 id
933 956 991 1031 est,
1012 950 1068 1040 qui
1083 969 1158 1015 nam
1180 944 1375 1038 cogitauerit

262 1056 367 1127 scelus
390 1056 565 1136 admittere,
587 1078 660 1123 reus
676 1066 734 1139 est,
757 1066 920 1149 tamquam
935 1059 962 1125 si
977 1060 1116 1151 cogitata
1131 1054 1375 1150 perpetrauerit.

347 1170 420 1235 211.
443 1189 505 1234 nuc
528 1189 653 1233 uersas
677 1192 708 1235 r.
731 1192 760 1235 Ρ.
785 1192 814 1238 c.
836 1191 898 1236 nee
913 1168 1027 1237 edendi
1048 1177 1194 1259 tempore
1215 1164 1376 1234 concedit.

346 1280 418 1346 213.
449 1302 509 1345 san
531 1300 608 1345 vrna
629 1301 797 1347 ursannvs.
828 1301 903 1347 cum
923 1279 1009 1372 apud
1030 1278 1258 1347 conscientiam
1279 1298 1375 1344 suam

262 1392 405 1483 cogitant
427 1389 466 1457 de
489 1387 627 1455 admisso
650 1390 783 1459 scelere.

223 1520 252 1561 so
348 1503 420 1568 216.
444 1522 518 1566 scnr
541 1522 658 1567 uvore.
682 1510 775 1570 aceto
797 1500 944 1569 Falerno.

346 1614 420 1680 219.
443 1632 572 1677 nvrurus
595 1634 685 1678 anns.
708 1610 761 1679 ubi
784 1613 948 1705 peierauit

348 1727 423 1793 220.
447 1742 625 1790 svnoarsvs
648 1744 791 1789 vncvnr.
814 1746 857 1789 err
878 1720 1117 1814 perturbatione
1138 1722 1262 1791 somnii.

346 1837 419 1903 221.
443 1856 485 1899 nn
508 1854 609 1899 vrnur
632 1854 665 1899 ru
687 1855 811 1902 saurus.
834 1834 887 1901 cui
907 1832 1051 1901 fraudem
1072 1834 1158 1901 fecit.
1213 1856 1258 1901 er
1272 1854 1374 1902 uaros

263 1970 373 2017 mano.
395 1955 431 2013 tu
451 1942 496 2010 illi
519 1966 553 2010 es
575 1964 633 2034 pro
656 1944 764 2011 sacris.

224 2071 251 2114 ¹⁵
348 2058 421 2123 222.
445 2076 607 2131 conrruva
629 2077 755 2123 aarum.
779 2056 866 2148 quod
888 2056 992 2138 debet,
1013 2066 1050 2125 ut
1070 2055 1193 2124 reddat.

350 2168 423 2237 223.
461 2190 495 2233 ru
518 2188 600 2233 svrrr
623 2190 651 2243 o.
674 2190 704 2232 r.
727 2190 757 2233 e.
780 2190 814 2235 n.
849 2166 928 2235 fisici
948 2190 1023 2236 nam
1045 2168 1211 2248 adserunt,
1233 2188 1277 2233 cx
1297 2187 1378 2234 con·

262 2282 351 2351 flictu
377 2286 547 2347 uentorum
575 2276 628 2343 uel
654 2276 786 2345 nubium
813 2279 951 2346 tonitma
979 2288 1011 2345 et
1038 2277 1164 2371 iulgura
1190 2274 1267 2345 fieri.
1299 2298 1376 2345 narn

265 2417 307 2461 ex
327 2392 423 2459 nimio
447 2389 523 2457 flatu
546 2387 600 2457 uel
621 2390 794 2456 certamine
816 2397 985 2456 uentorum
1012 2389 1114 2458 nubes
1134 2390 1216 2458 inter
1237 2410 1275 2456 se
1295 2408 1376 2457 con·

262 2504 341 2571 lisae
363 2504 501 2569 tonitrua
524 2508 555 2567 et
579 2520 735 2567 coruscus
757 2500 892 2581 iaciunt,
920 2522 959 2568 ac
985 2500 1086 2569 ueluti
1114 2522 1193 2569 saxa
1223 2499 1307 2568 inter
1339 2520 1377 2565 se

225 2636 253 2677 ao
267 2615 386 2685 conlisa
408 2614 516 2704 ignem
537 2610 713 2676 excutiunt.

348 2725 422 2791 226.
444 2745 561 2789 rnarvs
585 2744 702 2790 canan.
724 2729 856 2813 propter
876 2742 934 2788 sua
955 2720 1136 2789 commissa.

348 2835 422 2901 228.
444 2856 590 2901 eaoxum
606 2855 804 2899 rcueasras.
826 2832 859 2899 id
881 2840 939 2912 est,
962 2832 989 2898 si
1010 2833 1181 2924 praeterita
1201 2839 1378 2927 tempestas

265 2946 323 3015 sibi
345 2968 410 3014 non
430 2945 585 3024 nocuerit,
608 2953 675 3010 tum
697 2943 823 3012 futurae
845 2952 934 3009 metu
954 2950 1132 3035 torquetur.

350 3056 425 3122 229.
447 3076 514 3121 cvra
536 3077 639 3121 ranan
663 3078 695 3120 n.
723 3054 749 3119 si
771 3056 913 3147 cooperit
934 3062 1109 3147 aegrotare.

224 3185 251 3227 as
349 3166 423 3232 231.
445 3190 465 3233 a
486 3188 608 3232 urruns
632 3189 657 3231 s.
681 3188 710 3231 n.
734 3166 825 3245 irato,
847 3163 935 3232 laeso
957 3166 1097 3233 numine.

351 3277 423 3343 232.
457 3298 783 3343 recenseremus.
819 3274 973 3343 sacrificia
999 3277 1185 3365 promittere
1212 3298 1270 3371 pro
1292 3278 1378 3346 sani·

267 3396 332 3457 tate
355 3388 571 3480 recuperanda
595 3408 659 3455 non
682 3387 779 3455 audet
800 3395 963 3478 tamquam
984 3408 1068 3453 reus.

349 3498 424 3567 235.
467 3520 598 3567 nmmos
627 3520 658 3565 u.
686 3521 718 3563 v.
761 3502 863 3591 magis
894 3496 998 3565 hostia
1033 3519 1132 3589 quam
1163 3499 1234 3592 ipse
1264 3501 1379 3570 maere

266 3612 390 3679 memit.

228 3738 255 3780 ω
351 3720 426 3789 237.
450 3744 516 3789 cvu
532 3745 652 3789 scnnvs
667 3744 869 3791 anmrrrnr.
892 3742 967 3789 cum
985 3720 1026 3789 ad
1043 3723 1292 3813 perpetrandum
1306 3746 1379 3793 sce·

267 3969 295 4021 3.
316 3964 440 4020 concitat
461 3966 518 4021 ΡΒ.
530 3980 602 4022 corr.
613 3982 641 4038 p.
700 3964 728 4022 5.
751 3964 801 4040 qui
819 3922 876 4020 iam
893 3966 925 4021 S.
945 3982 1013 4021 nam
1034 3982 1091 4021 om.
1111 3968 1147 4022 P.
1168 3965 1217 4040 qui
1236 3966 1333 4023 animo
1351 3981 1378 4023 s.

266 4044 296 4099 7.
317 4050 449 4119 tempora
469 4062 497 4117 p.
547 4045 577 4099 9.
599 4042 705 4118 cogitat
725 4060 753 4118 p.
813 4044 859 4100 tn.
881 4041 1003 4099 debetur
1022 4040 1126 4100 reddat
1146 4045 1204 4100 ΡΒ.
1258 4047 1304 4102 18.
1325 4062 1377 4102 ue-

267 4118 320 4175 luri
341 4116 575 4191 Schuetzltetsoit.
682 4123 729 4177 19.
751 4138 887 4177 coruscas
909 4118 1076 4178 Solorasitrs
1096 4118 1133 4178 od
1152 4119 1245 4179 Solis.
1264 4139 1294 4199 p.
1309 4122 1379 4180 804.

268 4214 402 4253 coruscos
424 4192 659 4269 Sciturtzlkiaoir.
