3025 4859
290 379 366 453 144
669 397 702 447 o.
722 397 808 448 rvno
829 395 1023 448 rvvsnmrs

286 559 438 651 paulatim
459 561 534 624 uitia
558 560 662 652 adque
685 584 810 628 errores
832 563 921 628 exuit
942 584 1062 642 omnes,

286 674 387 762 prima
409 670 504 736 docet
524 679 647 736 rectum
671 673 833 762 sapientia.
868 671 986 762 quippe
1007 672 1119 738 minuti

286 802 413 871 semper
436 785 468 843 et
488 777 601 846 infirmi
623 791 674 846 est
695 783 790 847 animi
814 781 984 872 exiguique
1007 779 1154 874 uoluptas

286 888 384 955 ultio:
407 889 557 955 continuo
581 891 627 957 sic
649 891 774 983 collige,
798 892 883 982 quod
906 891 1044 956 uindicta

284 1021 380 1066 nemo
402 1000 502 1090 magis
524 999 643 1090 gaudet
664 1025 761 1092 quam
783 1003 908 1068 femina.
943 1022 1000 1067 cur
1023 1009 1130 1066 tamen
1152 999 1211 1068 hos
1233 1010 1267 1069 tu

285 1110 426 1176 euasisse
447 1117 549 1199 putes,
572 1133 653 1200 quos
676 1110 733 1177 din'
756 1113 883 1178 conseia
908 1111 982 1176 facti

283 1242 375 1285 mens
396 1216 493 1284 habet
514 1221 665 1284 attonitos
688 1230 721 1287 ct
742 1222 839 1288 surdo
862 1219 997 1287 uerbere
1020 1220 1124 1286 caedit

286 1325 446 1396 occultum
468 1329 630 1418 quatiente
652 1332 757 1396 animo
782 1339 900 1396 tortore
923 1325 1108 1420 flagellum?

284 1461 386 1530 poena
410 1446 518 1503 autem
540 1438 714 1506 uehemens
737 1462 776 1505 ac
797 1437 898 1506 multo
922 1439 1047 1504 saeuior
1070 1436 1139 1518 illis,

283 1570 362 1638 quas
386 1555 418 1612 et
440 1545 609 1613 Caedicius
631 1551 738 1640 grauis
760 1550 880 1616 inuenit
903 1557 935 1616 et
957 1545 1217 1614 Rhadamanthus

282 1665 377 1726 nocte
400 1657 516 1748 dieque
537 1681 632 1724 suum
653 1667 780 1749 gestare
803 1661 835 1724 in
858 1667 988 1748 pectore
1011 1665 1134 1724 testem.

283 1767 440 1858 Spartano
464 1768 591 1834 cuidam
612 1769 777 1859 respondit
799 1766 913 1857 Pythia
935 1774 1035 1845 uates,

281 1877 359 1944 haut
380 1879 568 1967 impunitum
591 1878 752 1967 quondam
776 1880 853 1958 iore,
876 1877 961 1968 quod
984 1876 1140 1944 dubitaret

282 1988 462 2077 depositum
484 1989 620 2054 retinere
643 1997 676 2054 et
697 1987 842 2054 fraudem
863 1989 931 2054 iure
954 1989 1035 2053 tueri

280 2098 421 2165 iurando.
454 2096 628 2187 quaerebat
650 2099 734 2164 enim
756 2120 839 2188 quae
861 2097 997 2162 nunrinis
1020 2106 1105 2163 esset

282 2231 383 2287 mens,
406 2215 438 2273 et
460 2229 499 2272 an
521 2206 585 2273 hoc
606 2205 650 2272 illi
671 2209 794 2274 facinus
817 2206 965 2272 suaderet
986 2205 1127 2296 Apollo?

280 2317 415 2385 reddidit
437 2339 514 2407 ergo
537 2325 634 2395 metu,
656 2338 721 2383 non
743 2314 904 2396 moribus;
927 2323 959 2380 et
981 2322 1088 2382 tamen
1110 2339 1238 2384 ornnem

283 2450 398 2495 uocem
421 2425 509 2515 adyti
530 2426 658 2517 dignam
682 2424 801 2515 templo
825 2445 998 2514 ueramque
1021 2425 1169 2515 probauit

279 2539 440 2606 extinctus
461 2544 526 2602 tota
550 2537 667 2626 pariter
689 2557 764 2601 cum
785 2533 876 2626 prole
898 2535 1058 2624 domoque

278 2655 312 2714 ct
334 2646 480 2736 quamuis
501 2643 597 2736 longa
619 2644 764 2711 deductis
785 2658 881 2736 gente
904 2645 1096 2736 propinquis.

278 2757 337 2824 has
358 2757 475 2846 patitur
498 2776 618 2844 poenas
639 2755 795 2844 peccandi
816 2752 883 2820 sola
907 2753 1061 2822 uoluntas.

277 2889 352 2934 nam
374 2864 479 2932 scelus
500 2864 582 2929 intra
604 2885 639 2930 se
660 2863 791 2928 tacitum
814 2864 867 2954 qui
891 2865 1011 2955 cogitat
1030 2861 1140 2944 ullum,

280 2976 353 3041 sacti
376 2974 495 3039 crimen
516 2971 627 3038 hahet:
650 2971 739 3053 cedo,
763 2974 788 3038 si
812 2980 924 3039 conata
947 2970 1094 3064 peregit?

277 3091 431 3177 perpetua
453 3083 597 3148 anxietas
619 3105 679 3148 nec
701 3105 832 3148 mensae
854 3089 1000 3173 tempore
1022 3092 1135 3150 cessat.

277 3192 420 3262 saucibus
442 3200 477 3258 ut
499 3191 611 3257 morbo
633 3192 725 3258 siccis
749 3193 893 3282 interque
915 3190 1053 3259 molares

277 3301 395 3373 difficili
417 3309 581 3369 crescente
604 3296 686 3382 cibo,
710 3303 819 3369 Setina
843 3301 983 3368 misellus

276 3597 342 3652 188.
363 3591 454 3647 omnis
477 3589 636 3646 cremeas.
714 3591 781 3646 189.
803 3585 910 3646 docens
931 3585 1029 3661 odfpg.
1050 3586 1158 3645 docens
1179 3591 1250 3647 recti
1268 3595 1385 3651 Granic-

273 3689 336 3728 Μ.
415 3672 481 3725 190.
502 3669 642 3722 etoar.P.
721 3667 787 3720 193.
809 3673 894 3740 putas
912 3661 954 3735 [ς.
1034 3665 1302 3741 quos—flagellum
1316 3672 1383 3728 Ser·

274 3750 341 3804 otae
352 3743 390 3802 od
402 3746 484 3817 Very.
496 3742 569 3798 Aca.
583 3744 635 3812 Vt,
646 3740 712 3797 274.
801 3745 866 3799 197.
888 3739 1042 3799 Caedicius
1052 3738 1146 3798 ΡΣωε
1167 3743 1322 3803 Caecidius
1332 3749 1383 3814 8ς.

274 3833 304 3880 et
322 3826 390 3879 Por:
410 3829 459 3874 aut
480 3836 506 3886 ς.
584 3817 790 3874 rhadamantus
813 3821 847 3874 P.
944 3821 1011 3876 205.
1031 3816 1150 3875 Phoebo
1169 3819 1383 3894 lcoohafflot-

264 3899 442 3968 „thiconriso
453 3893 712 3970 prat.1p.92eq.).
886 3895 1020 3972 probauit
1039 3912 1100 3969 pio:
1119 3898 1239 3971 promsit
1258 3900 1291 3953 P.

272 3981 339 4035 208.
360 3974 423 4031 sota
433 3991 473 4030 aa:
493 3990 581 4029 saeua
593 3974 620 4026 P
634 3967 694 4028 cod.
703 3973 893 4028 Monacensis
901 3973 958 4029 408
969 3986 995 4038 ς,
1016 3988 1121 4027 scaeua
1132 3969 1150 4042 f
1159 3973 1382 4032 Boiesoaodocd

271 4055 366 4110 Nicet.
375 4055 412 4109 11
420 4053 520 4124 p.t79.
600 4046 734 4122 uoluptas
753 4050 789 4103 P.
868 4051 935 4104 210.
957 4047 1075 4124 quodsi
1095 4046 1140 4104 arei
1159 4047 1212 4106 sed
1233 4050 1258 4105 si
1277 4053 1380 4109 Mart·-

271 4127 342 4186 tond
355 4127 482 4185 adstat.
493 4125 560 4182 aito.
574 4127 608 4192 V,
619 4129 646 4190 1,
660 4128 688 4181 8.
766 4142 800 4179 co
823 4133 890 4180 nata
909 4129 943 4181 P.
1040 4127 1108 4181 213.
1129 4123 1230 4183 Setina
1245 4127 1379 4185 Horatios

272 4205 379 4278 (Klotz
391 4201 725 4277 oott.iitt.11p.113sq.)
740 4201 791 4256 W'a
822 4199 1138 4278 ofoooi.1p.122tqp.:
1151 4201 1203 4260 sed
1214 4203 1282 4261 uina
1292 4206 1377 4262 Psw.
