3025 4859
610 340 835 395 ssrrmrm.
1203 322 1282 399 219

164 518 256 579 tanto
279 518 448 579 constaret.
521 519 553 578 et
575 508 707 601 figurate
730 518 778 577 tot
799 512 948 579 sextertia
971 516 1095 601 partem
1116 506 1282 599 exigluam

166 620 267 711 dialis

251 733 303 800 29.
340 754 623 802 movrnrarorrnu.
657 729 822 801 Neronem
844 732 919 801 dicit
940 730 1134 825 gluttonem,
1155 738 1192 797 ut
1212 727 1281 798 Do·

167 844 322 912 micianus
344 842 403 911 sub
425 842 562 912 Neronis
584 845 712 911 nornine
733 840 857 911 lateret.

145 1006 147 1009 -
253 954 306 1022 31.
328 978 531 1025 rvsrvnsvs.
557 978 575 1023 a
599 958 696 1023 uestis
719 954 838 1023 colore.
908 974 1034 1021 sovana
1056 974 1184 1021 ennam.
1206 948 1280 1018 Cri·
1304 971 1318 1013 s

167 1065 250 1156 spini
272 1064 399 1133 satelles
423 1075 472 1133 est
495 1068 579 1135 idern
600 1065 819 1133 Domitianus.

251 1174 303 1243 32.
332 1198 389 1243 rau
411 1198 568 1247 rameses
592 1202 747 1255 sovrrvu.
778 1178 931 1269 magister
952 1177 1096 1269 equitum
1116 1172 1282 1243 Romano·

167 1304 241 1351 rum
263 1285 365 1353 lactus
388 1295 438 1353 est
459 1288 589 1357 scilicet.

254 1394 305 1461 33.
345 1420 387 1465 ns
409 1420 519 1466 usses
542 1422 684 1469 srnvrros.
721 1398 752 1467 id
781 1408 839 1482 est,
870 1400 971 1467 lraeto
997 1420 1076 1466 uaso
1104 1396 1279 1464 sardarum.

170 1505 368 1598 [nvncrrnsl
397 1510 539 1577 eiusdem
562 1509 731 1599 municipii,
761 1511 846 1579 unde
866 1514 944 1601 ipse,
972 1510 1159 1601 Aegyptios.
1189 1506 1319 1579 siluriro

167 1639 242 1685 nam
269 1619 373 1709 pisces
401 1630 475 1687 sunt
500 1618 727 1702 Alexandriae,
755 1622 840 1689 unde
869 1619 939 1688 luit¹
954 1619 1130 1711 Crispinus,
1162 1618 1280 1687 nullius

166 1729 268 1821 pretii,
291 1752 372 1821 quos
394 1732 505 1823 inopes
526 1732 559 1798 in
580 1730 728 1823 Aegypto
752 1732 926 1801 uenditaut.

251 1838 303 1907 34.
330 1862 435 1909 murro
459 1840 624 1909 Cannrore
649 1842 863 1933 [cousrnnnnl.
897 1850 953 1909 aut
974 1842 1143 1910 summisse
1164 1841 1280 1924 dicere,

167 1956 223 2017 aut
244 1954 446 2043 propriores
470 1960 581 2021 tenues
603 1952 718 2021 dicere.

251 2060 304 2129 36.
339 2060 492 2137 Prsrrmss
513 2085 638 2131 raosrr.
670 2059 823 2155 Virgilius
850 2063 944 2153 [Aen.
958 2058 1051 2145 Vllll,
1068 2065 1140 2154 921:
1163 2060 1279 2156 ‘prosit
1293 2086 1318 2129 rs

165 2174 283 2239 nostris
304 2174 336 2241 in
358 2172 518 2241 montibus
540 2170 644 2242 ortas?
679 2174 710 2241 id
733 2182 790 2256 est,
818 2175 860 2243 ad
882 2175 1010 2242 laudem
1031 2183 1172 2243 uestram
1193 2176 1281 2245 suffi-

166 2284 231 2351 ciat
253 2304 312 2350 uos
334 2284 456 2376 puellas
478 2286 664 2352 nominatas.

253 2394 304 2464 37.
325 2396 351 2463 F
353 2419 476 2464 navrvs.
499 2404 534 2463 ut
555 2394 681 2487 quidam
705 2395 823 2477 dicunt,
845 2394 969 2464 delator
990 2398 1057 2465 luit.

255 2506 305 2575 38.
338 2531 492 2575 vnrrnvs.
524 2505 587 2573 hoc
616 2506 796 2574 conuicium
823 2506 856 2573 in
877 2505 925 2573 Fl.
947 2504 1188 2587 Domitianum,
1215 2504 1280 2575 Tit

166 2619 308 2700 fratrem,
330 2616 517 2709 Vespasiani
539 2617 647 2700 lilium,
667 2619 773 2697 iactat,
801 2618 855 2708 qui
882 2616 993 2685 oaluus
1015 2618 1082 2685 luit.
1108 2624 1321 2709 proptereeso

167 2730 257 2825 quod
276 2728 434 2800 quenalis
456 2728 514 2795 sub
539 2731 646 2819 specie
668 2726 798 2794 honoris
819 2726 980 2820 relegatus
1002 2738 1051 2795 est
1078 2727 1119 2794 ad
1140 2726 1280 2795 cohortis

168 2865 279 2913 curam
301 2842 333 2909 in
354 2840 503 2933 Aegypto
525 2838 643 2921 Hoasa,
671 2838 723 2906 ubi
747 2842 892 2907 mortuus
914 2846 973 2905 est
1003 2838 1151 2907 ultimum
1173 2848 1282 2907 autem
1325 2889 1329 2900 .

167 2950 335 3024 Neronem
346 2952 433 3032 dixit,
451 2953 523 3043 quia
538 2952 569 3018 in
580 2948 634 3018 illo
647 2948 825 3019 Caesarum
838 2950 928 3041 origo
946 2949 1071 3019 deleuit
1137 2950 1281 3041 [cruval.

167 3084 244 3135 mm
266 3070 298 3129 et
308 3061 481 3129 Suetonius
504 3060 615 3151 [Dour.
630 3062 683 3152 18]
706 3062 804 3129 relert
825 3062 901 3153 quia
913 3060 1026 3129 caluus
1045 3062 1113 3131 tuit.
1134 3060 1282 3129 ultimum

166 3196 246 3245 uero
267 3172 339 3241 ideo
361 3171 444 3253 dicit,
466 3174 539 3264 quia
561 3196 635 3241 cum
656 3169 873 3264 Vespasianus
894 3180 927 3239 et
947 3172 1040 3241 Titus
1061 3182 1095 3241 et
1116 3170 1319 3241 Dominio-ss

168 3308 230 3356 uus
252 3282 361 3352 Flauia
384 3305 424 3350 ex
448 3292 542 3375 gente
564 3283 687 3364 luerint,
714 3281 922 3349 Domicianus
950 3283 1079 3351 ultimus
1100 3282 1227 3352 illorum
1250 3291 1283 3351 et

60 3478 62 3483 ,
172 3392 397 3465 dissimillimus
424 3392 600 3487 imperauit.
635 3393 778 3461 meminit
807 3390 870 3461 hoc
897 3389 1045 3461 Valerius
1071 3392 1222 3463 Martialis
1248 3393 1283 3463 iu

173 3744 202 3799 1.
221 3738 359 3815 figuratos
381 3740 517 3797 sestertia
537 3746 648 3815 partem
669 3737 757 3813 exigit
777 3739 834 3793 ΡΒ.
846 3754 921 3794 sors.
933 3754 958 3793 o.
1038 3740 1066 3794 5.
1088 3736 1283 3816 Crispinus-

172 3818 330 3875 Domitiani
352 3818 381 3875 0.
399 3816 501 3875 Bortls.
524 3816 769 3891 Crispinus—est,
791 3814 921 3871 dominus
941 3810 1173 3886 Solurtzllsisolr.
1250 3815 1282 3873 id

173 3906 218 3953 est
237 3894 416 3953 Domitianus
437 3912 452 3951 o
473 3896 523 3972 qui
536 3892 625 3965 refert
639 3890 773 3950 adorus.
863 3900 891 3951 9.
912 3894 1052 3948 basoPS.
1074 3910 1143 3949 uase
1153 3911 1182 3969 p.
1201 3892 1283 3950 lasse

176 3974 206 4031 G.
223 3971 324 4030 Bortlr.
442 3978 489 4029 10.
509 3971 667 4048 municipes
689 3970 754 4027 oriri.
766 3988 790 4027 s.
906 3970 1064 4046 Aegyptius
1083 3971 1141 4026 PS.
1163 3986 1236 4027 corr.
1255 3988 1281 4027 s.

173 4050 221 4109 14.
243 4068 289 4107 res
308 4060 409 4107 tenues
431 4048 527 4107 dicere
547 4066 653 4106 norsum
663 4046 792 4121 plausum
801 4047 868 4104 rrult
879 4064 905 4103 s.
965 4050 1011 4103 20.
1032 4047 1240 4123 propterquod
1250 4064 1281 4123 p.

173 4127 212 4200 of.
228 4127 668 4203 Froaalssarrm.orit.p.50sr1.
787 4128 834 4183 27.
854 4124 994 4181 Martialis
1014 4123 1053 4180 lll
1073 4122 1284 4182 §enumerasti

174 4209 359 4282 Mortp.29.
971 4222 1022 4241 ..⁶
1084 4231 1113 4247 ’-
