3025 4859
271 336 349 413 364
511 330 518 343 ’
662 353 825 408 sosoma
843 350 1004 407 varana.

271 524 340 591 nire
363 544 440 589 aues
462 521 607 590 dicuntur
630 524 674 613 [id
697 526 759 615 est]
783 534 924 615 strepere
946 529 1002 588 aut
1023 540 1145 587 souare.
1219 518 1305 610 apud
1327 540 1389 587 an·

272 636 378 726 tiquos
399 656 473 701 nam
495 635 528 700 in
550 656 649 702 cornu
671 635 839 703 mittebant
853 643 999 713 tesseras,
1020 638 1252 723 monentesque
1271 630 1388 699 lunde-

272 743 360 811 bant.
446 754 501 811 aut
523 744 665 813 fritillum
688 770 828 838 pyrgum
849 745 938 813 dixit.

358 856 388 921 9.
425 876 594 923 assumus
617 880 775 925 ranaurs.
806 856 840 925 id
862 863 926 940 est,
949 877 968 921 a
989 862 1080 944 patre
1102 852 1219 921 didicit.
1306 852 1387 941 [ne-

247 964 376 1056 sbulo].
399 965 591 1049 luxuriosus,
614 966 759 1060 gulosus.

361 1079 411 1144 10.
434 1102 477 1145 ur
500 1100 591 1145 caua.
614 1081 721 1170 patris,
744 1078 777 1147 id
799 1085 849 1145 est
869 1073 988 1144 uetula.

363 1189 410 1255 12.
444 1212 610 1256 aansaros
632 1212 663 1256 a.
686 1214 737 1257 ro.
771 1187 996 1281 philosophum
1017 1184 1093 1255 licet
1113 1185 1154 1254 ad
1176 1187 1388 1256 erudiendum

274 1297 434 1379 adhibeas,
458 1297 558 1365 semel
579 1298 724 1367 inbutum
747 1298 869 1366 luxuria
892 1300 990 1390 patris
1010 1320 1076 1364 non
1098 1320 1194 1389 posse
1216 1300 1373 1366 reuocari.

350 1410 411 1475 ¹15.
435 1433 540 1477 urruu
560 1432 695 1477 aruuvu.
718 1410 945 1501 interrogatiue
967 1409 1164 1500 pronuntiari
1185 1418 1307 1501 potest,
1330 1410 1390 1477 sed

235 1518 389 1588 romelius
411 1521 558 1588 ironicos.
624 1544 682 1611 per
699 1522 833 1588 ironiam
855 1519 959 1587 dictus
982 1527 1030 1586 est
1053 1542 1176 1587 sensus.
1197 1520 1306 1587 mitem
1320 1522 1391 1587 ani·

274 1655 363 1698 mum
384 1633 548 1723 praecepit
569 1629 722 1699 Rutilius:
750 1653 790 1697 an
813 1640 907 1723 putas
930 1653 1004 1697 eum
1026 1630 1165 1710 saeuire,
1194 1630 1247 1722 qui
1269 1630 1393 1723 gaudet

273 1742 440 1836 plagarum
463 1741 619 1833 strepitu?
640 1744 779 1811 ironicos
794 1737 842 1808 ‘et
865 1763 972 1807 mores
994 1741 1128 1808 modicis
1150 1740 1310 1824 erroribus
1332 1764 1389 1809 ae-

274 1850 381 1946 quos’,
410 1854 484 1946 quia
512 1875 607 1921 nemo
635 1854 703 1921 sine
726 1854 804 1921 uitio
827 1862 886 1920 est.
909 1851 942 1920 id
965 1860 1014 1919 cst
1041 1850 1258 1919 tolerabilibus
1283 1850 1390 1920 indul·

274 1973 396 2056 gentes.

236 2096 262 2137 rs
364 2077 412 2141 16.
435 2098 608 2143 rnrucrrrr
623 2100 652 2142 a.
669 2098 697 2152 o.
714 2100 744 2142 a.
760 2098 786 2142 s.
809 2074 850 2142 de
872 2074 986 2142 eadem
1007 2074 1140 2141 materia
1161 2082 1195 2141 et
1216 2071 1387 2142 elemento.

363 2188 410 2254 19.
434 2185 556 2254 Srnuaa
579 2209 764 2253 reacuntis.
788 2185 964 2253 dulciorem
987 2208 1059 2252 esse
1080 2183 1282 2277 flagellorum
1302 2194 1386 2255 stre-

271 2298 373 2391 pitum
396 2300 435 2380 ei,
458 2320 553 2389 quam
576 2305 706 2364 cantum
728 2296 922 2364 Sirenarum.

357 2411 409 2475 20.
448 2430 630 2475 coaranrr.
668 2406 771 2474 idest
798 2408 939 2475 carnifex
968 2407 1075 2498 potius
1103 2415 1136 2473 et
1161 2404 1242 2473 latro
1272 2407 1389 2475 domus

274 2544 361 2602 suae,
384 2543 481 2613 quam
504 2517 660 2584 dominus.
761 2541 801 2586 sc
822 2516 1052 2585 Pourrueuvs.
1082 2516 1308 2609 bestrigonum
1329 2542 1390 2586 rex

234 2652 263 2693 ²⁰
275 2631 462 2725 Antipatbes
485 2637 516 2696 et
532 2626 751 2719 Polyphemus
774 2627 915 2720 cyclops,
938 2630 992 2720 qui
1006 2628 1151 2696 homines
1166 2630 1391 2700 comedebant.

358 2745 410 2811 22.
444 2764 565 2810 ururua
587 2762 701 2807 ranno.
738 2740 857 2823 idest,
886 2741 913 2807 si
933 2762 1047 2809 seruus
1070 2742 1229 2809 cruciatur
1256 2748 1391 2833 propter

275 2858 339 2927 duo
363 2854 490 2923 sabana.

359 2966 410 3032 23.
443 2987 567 3033 caurus
591 2983 750 3028 sermons
774 2984 803 3028 c.
833 2962 923 3051 [oum
945 2961 1096 3052 svaourJ.
1127 2969 1294 3054 paternam
1316 2983 1392 3029 cru·

277 3077 449 3147 debtatcm.

237 3208 264 3248 ss
362 3188 413 3253 24.
442 3208 530 3263 ovsu
553 3206 631 3252 uum
654 3206 830 3251 aurrcrvnr
852 3208 877 3251 s.
901 3206 974 3252 usn.
1008 3184 1172 3277 quoniam,
1201 3183 1256 3275 qui
1276 3180 1320 3251 ibi
1341 3184 1391 3252 in·

276 3300 456 3380 cluduntur,
479 3298 622 3389 inscripti
646 3305 729 3363 sunt.
805 3318 941 3365 osacen.
965 3296 1177 3387 [aurrcrvnrb
1198 3292 1321 3363 laetum
1341 3298 1392 3363 fa·

277 3414 373 3491 ciunt,
395 3408 564 3477 delectant.

280 3822 309 3877 1.
331 3816 360 3875 id
382 3828 426 3877 est
446 3818 511 3877 cdd.
532 3838 557 3877 s.
615 3829 765 3898 streperas
784 3828 814 3877 et
834 3837 957 3876 sonorae
976 3818 1207 3894 Solmrtzdeiscb.
1257 3822 1287 3880 5.
1306 3820 1392 3879 luxo-

279 3897 356 3952 rioso
377 3908 406 3953 et
426 3896 528 3973 guloso
548 3915 572 3953 s.
632 3902 660 3956 8.
683 3917 738 3954 non
760 3916 863 3975 posses
885 3897 1244 3975 (immopores)reuocare
1256 3898 1394 3958 Solaria-

278 3970 384 4045 deirob.
463 3982 491 4031 9.
512 3976 717 4051 interrogatiua
739 3978 797 4031 Pa'.
811 3990 884 4031 corr.
895 3992 923 4049 p.
1003 3980 1050 4032 10.
1071 3994 1125 4053 pro
1145 3975 1237 4032 ironia
1257 3978 1318 4034 Pa.

280 4055 326 4108 13.
348 4050 525 4109 tolerabilius
546 4054 604 4110 ΡΒ.
625 4070 698 4110 corr.
719 4056 846 4127 Rutpcrs
865 4068 947 4109 carr.
968 4050 1092 4123 111111,
1114 4056 1160 4112 16.
1237 4053 1393 4130 indulgen·

280 4136 337 4185 tern
359 4130 416 4185 ΡΒ.
525 4134 573 4187 21.
595 4131 637 4187 sie
656 4132 715 4187 1³8.
728 4146 800 4188 corr.
812 4146 838 4185 a.
935 4132 982 4187 23.
1003 4138 1125 4207 paterna
1145 4129 1317 4189 crudelitate
1336 4132 1393 4189 ΡΒ.

280 4222 355 4263 corr.
370 4222 396 4264 a.
454 4206 501 4264 25.
524 4224 707 4283 quamquam
720 4208 779 4265 PS.
796 4224 870 4265 corr.
884 4209 1050 4265 Heraiotua.
1071 4226 1137 4265 nam
1149 4226 1235 4286 quum
1248 4207 1390 4268 1181111.
