3025 4859
594 396 819 451 sarvnaxn.
1185 364 1277 457 349(

235 562 286 629 52.
324 584 488 630 rncrarvn
512 588 632 631 nunvu.
672 564 737 653 [53.
761 563 943 650 unvanus}
982 558 1144 644 absolute,
1174 562 1260 652 quod

150 675 285 743 aduersa
307 680 381 739 aunt
402 675 656 766 naufragantium
681 676 753 740 sata.

236 784 287 850 64.
326 806 467 851 nactura.
508 808 561 852 res
583 785 730 874 peruenit
751 784 792 851 ad
814 784 886 867 hoo,
909 793 945 851 ut
967 785 1114 852 arborem
1137 784 1262 853 breuio-
1370 837 1374 847 .

150 918 219 962 rem
243 897 361 961 iaceret
383 917 421 961 ac
442 918 500 985 per
521 894 583 961 hoo
607 896 793 961 succideret

236 1006 288 1071 56.
309 1027 477 1071 annnorum
501 1031 534 1074 n.
554 1028 582 1071 r.
606 1028 717 1071 sensus
740 1003 791 1071 hio
813 1012 871 1070 est.
894 1002 1004 1071 ultima
1027 1008 1183 1096 praesidia
1205 1032 1262 1075 an.-
1286 1029 1315 1096 ε,

152 1122 280 1207 gustum
308 1114 476 1183 discrimen
505 1113 638 1195 habent,
671 1122 744 1205 post
771 1114 959 1181 eiectionem
986 1138 1093 1183 rerum
1121 1122 1263 1187 omnium

151 1234 188 1293 ut
215 1226 312 1293 facias
341 1248 458 1293 nauem
486 1227 649 1293 minorem.
683 1224 717 1291 [it
751 1232 860 1290 autem
887 1225 991 1291 minor
1017 1228 1109 1295 nauis
1135 1229 1262 1297 sublata

152 1335 276 1416 arbore,
299 1334 330 1402 id
352 1344 401 1402 est
422 1334 511 1404 leuis.

222 1448 287 1512 67.
311 1468 422 1513 ruvnc
438 1472 481 1514 rr
497 1468 622 1513 vannis.
645 1446 811 1539 castigatio
833 1443 873 1511 ab
891 1445 1113 1537 exemplorum
1134 1460 1261 1519 euentu

235 1555 286 1621 58.
311 1578 459 1624 conrrsvs
483 1580 511 1623 u.
535 1580 564 1625 u.
586 1580 617 1622 o.
647 1577 720 1622 curn
742 1556 824 1622 inter
845 1564 877 1622 te
900 1564 933 1622 et
954 1566 1091 1625 mortem
1113 1570 1262 1650 quattuor
1274 1588 1302 1631 ro

153 1666 194 1732 eit
215 1664 384 1757 digitorum
408 1668 561 1735 distantia.

237 1778 288 1843 59.
325 1798 443 1845 ranan.
478 1777 510 1844 id
534 1786 595 1858 est,
624 1777 714 1844 nauis
736 1776 777 1843 de
798 1778 890 1867 pinu.
911 1798 970 1866 pro
994 1777 1135 1867 qualibet
1156 1783 1263 1872 posuit

153 1890 293 1958 materia.
317 1894 351 1953 ut
375 1884 548 1978 [Vergilius
571 1884 821 1974 nen.1x,85]:
848 1883 956 1979 ‘pinea
979 1887 1058 1955 silua
1081 1888 1175 1958 mihi?

236 2000 287 2064 60.
319 2020 389 2064 uox
412 2020 479 2065 cvu
502 2020 683 2065 narrcvurs.
718 1999 804 2089 quod
836 2008 952 2065 nautae
985 1999 1045 2065 sibi
1073 2002 1195 2070 oeilioet
1221 2004 1263 2073 ad

152 2118 315 2201 sumptum
339 2108 488 2176 uiaticum
511 2118 643 2200 ponunt.
1225 2095 1227 2098 ⁵
1274 2138 1300 2179 n

237 2221 289 2288 61.
319 2242 432 2287 narica
455 2243 481 2287 ε.
503 2242 536 2286 u.
559 2243 590 2285 n.
623 2221 704 2287 inter
728 2216 909 2287 sitarchiam
931 2228 964 2286 ot
984 2244 1130 2290 securem
1150 2246 1262 2293 neces·

153 2330 268 2397 sariam
289 2337 401 2422 putato
425 2330 465 2397 ad
487 2352 603 2397 nauem
627 2329 815 2397 uehendam.

238 2441 289 2507 62.
313 2464 373 2507 san
394 2464 563 2517 rosrovnn
586 2464 616 2506 τ.
638 2465 668 2508 r.
691 2439 895 2530 tranquillum
916 2442 1035 2509 facturn
1059 2452 1107 2510 eet
1129 2466 1225 2513 mare.

237 2550 288 2617 63.
309 2574 474 2619 enosrrnn
490 2575 522 2617 v.
538 2575 567 2619 a.
591 2550 623 2618 id
646 2560 694 2618 est
716 2552 815 2617 satum
838 2554 977 2619 uectoria
999 2557 1164 2645 superauit
1184 2580 1263 2625 uen-

154 2670 221 2729 tum
244 2670 277 2727 et
298 2684 396 2727 mare.
1274 2698 1303 2739 ω

238 2770 288 2836 64.
311 2794 415 2838 ennon
436 2794 589 2839 nauronn.
617 2773 681 2839 iata
703 2774 837 2840 mitiora.

239 2882 290 2947 65.
312 2904 414 2950 ranan
435 2904 523 2948 uauv
545 2906 577 2949 n.
597 2904 661 2949 non
685 2892 821 2951 mortem
843 2887 1003 2953 minantia.

239 2992 289 3057 67.
313 3014 398 3059 narn
422 3016 587 3061 ovcvnrur
613 2992 778 3083 [vanrvsJ.
811 3004 927 3063 uentus
948 3019 1132 3087 prosperus.

238 3102 289 3167 68.
328 3125 494 3171 vnsrravs.
530 3104 667 3171 funibus.
704 3113 761 3171 aut
782 3130 937 3174 vasrrnvo
965 3106 1045 3174 uelis
1067 3110 1186 3200 accipe,
1208 3116 1263 3177 aut

153 3210 240 3302 quod
262 3211 371 3280 dicunt
392 3222 599 3283 artemonem.
1273 3248 1302 3293 aa

240 3324 290 3388 69.
315 3345 400 3391 vano
422 3349 452 3392 Ρ.
475 3348 505 3393 n.
528 3348 553 3392 ε.
575 3326 608 3393 id
631 3334 688 3407 est,
712 3336 876 3393 artemone
900 3325 969 3393 solo
991 3326 1243 3397 ueiificouerunt.

241 3432 291 3498 71.
320 3458 427 3511 nrovn
449 3458 640 3503 novunonor.
673 3436 789 3503 Albam
811 3435 957 3527 Longam
979 3438 1145 3529 significat,
1168 3462 1265 3530 quam

154 3544 298 3613 condidit
317 3540 404 3612 Iulus
427 3547 603 3630 Ascanius,
632 3570 786 3615 concessa
808 3569 969 3617 nouercae
991 3550 1040 3615 sui
1061 3551 1197 3618 nominis
1220 3549 1265 3617 ci·

153 3655 262 3737 uitato,
283 3655 314 3722 id
337 3664 386 3723 εει
406 3654 549 3727 Lauinio.

154 4005 183 4061 2.
205 4001 347 4061 aduersae
368 4004 426 4063 ΡΒ.
448 4022 531 4067 corr..
547 4023 575 4080 p.
674 4006 701 4061 8.
724 4004 796 4061 uelis
827 4006 857 4063 G.
883 4004 985 4063 Bortit.
1083 4008 1111 4062 9.
1133 4007 1265 4081 castigati

156 4082 341 4156 PS.oot·r.p.
446 4085 491 4139 17.
512 4080 666 4139 leuandam
688 4084 826 4139 Eronritn.
929 4086 977 4140 24.
998 4099 1147 4139 nermo
1168 4082 1265 4157 tagino

154 4156 386 4313 opogolwggdssd.
401 4158 503 4217 Barth.
596 4163 644 4217 28.
666 4178 806 4218 concessu
827 4162 886 4219 PS.
906 4178 981 4219 corr.
1001 4179 1030 4237 ρ.
1121 4160 1265 4219 ciuitatem
