3025 4859
600 374 746 430 SATVRA
764 374 799 427 X.

148 540 288 635 aplustre
311 550 344 609 et
365 563 490 611 summo
512 543 610 609 tristis
631 544 775 633 captiuos
796 542 829 609 in
851 559 928 609 arcu

147 652 293 723 humanis
314 652 433 720 maiora
454 653 547 722 bonis
567 654 748 721 creduntur.
781 652 823 719 ad
844 649 908 717 hoc
928 670 965 717 se

145 762 310 833 Romanus
334 762 511 857 Graiusque
533 773 566 835 et
588 765 740 833 barbarus
760 762 965 853 induperator

147 876 258 955 erexit,
281 896 394 943 causas
416 876 601 945 discriminis
624 878 726 967 adque
747 872 865 941 laboris

144 986 221 1053 inde
241 982 360 1053 habuit.
393 994 481 1054 tanto
504 988 604 1055 maior
625 989 727 1055 lamae
750 986 818 1051 sitis
841 990 891 1050 est
911 1002 1007 1071 quam
1196 984 1257 1045 140
1372 1018 1399 1034 ‹-

145 1098 288 1179 uirtutis3
310 1098 381 1188 quis
403 1098 487 1165 enim
510 1099 660 1165 uirtutem
681 1094 882 1187 amplectitur
903 1093 1014 1182 ipsam,

146 1209 288 1300 praemia
310 1208 338 1275 si
359 1204 477 1275 tollas?
497 1209 631 1299 patriam
654 1189 766 1273 tamul
784 1202 890 1271 obruit
910 1201 988 1270 olim

147 1317 249 1410 gloria
271 1340 445 1409 paucorum
469 1327 501 1387 et
522 1318 625 1387 laudis
645 1314 794 1409 ‘titulique
816 1314 933 1406 cupido

145 1426 273 1497 haesuri
295 1430 380 1495 saxis
403 1430 544 1499 cinerum
566 1427 760 1507 custodibus,
782 1426 823 1494 ad
845 1447 928 1517 quae

147 1538 344 1607 discutienda
366 1536 473 1607 ualent
495 1538 608 1607 sterilis
630 1537 713 1607 mala
736 1537 853 1605 robora
874 1535 934 1617 fici,
1195 1539 1257 1599 145

146 1648 404 1741 quandoquidem
426 1650 499 1717 data
522 1656 596 1716 sunt
614 1649 691 1739 ipsis
713 1669 842 1740 quoque
863 1647 928 1713 iata
949 1644 1134 1735 sepulchris.

146 1760 294 1852 expende
315 1758 537 1841 Hannibalem,
559 1766 638 1853 quot
659 1757 755 1827 libras
777 1758 809 1825 in
832 1755 914 1825 duce
936 1780 1062 1826 summo

145 1866 314 1937 inuenies?
336 1868 386 1938 hic
408 1880 458 1939 est
480 1893 576 1962 quem
598 1892 662 1939 non
684 1870 769 1961 capit
789 1868 896 1935 Airica
918 1867 1032 1936 Mauro

147 2000 303 2071 percussa
325 1978 456 2049 Oceano
477 1978 615 2072 Niloque
638 1981 766 2049 admota
788 1979 916 2070 tepenti,

142 2114 254 2159 rursus
276 2091 315 2158 ad
338 2088 531 2181 Aethiopum
554 2089 689 2182 populos
711 2089 858 2183 altosque
879 2088 1074 2183 elephantos
1194 2100 1257 2160 150

143 2202 270 2269 additur
290 2202 428 2293 imperiis
449 2200 609 2293 Hispanis,
632 2200 832 2291 Pyrenaeum

143 2310 288 2380 transilit
323 2312 472 2403 opposuit
493 2319 604 2381 natura
625 2309 805 2405 Alpemque
826 2312 1006 2405 niuemque,

142 2422 264 2491 diducit
285 2420 435 2512 scopulos
457 2428 489 2487 et
510 2429 652 2491 montem
674 2422 793 2512 rumpit
814 2429 917 2490 aceto.

141 2535 208 2601 iam
229 2541 316 2601 tenet
337 2529 468 2613 ltaliam,
490 2539 596 2601 umen
618 2530 700 2599 ultra
722 2554 858 2624 pergere
880 2534 989 2601 tendit

135 2638 301 2725 “actum’'
323 2644 433 2736 inquit,
451 2637 552 2711 “nihil
574 2650 631 2723 est,
654 2642 713 2711 nisi
734 2640 844 2710 Poeno
866 2644 965 2712 milite
986 2656 1095 2738 portas
1193 2659 1254 2719 155

142 2754 318 2847 frangimus
339 2762 373 2822 et
393 2752 498 2821 media
519 2751 673 2821 uexillum
694 2774 781 2846 pono
802 2750 958 2823 Subura.”

145 3044 213 3100 136.
235 3040 365 3119 captiuos
386 3042 421 3097 P.
529 3040 595 3096 137.
616 3036 689 3096 haec
709 3054 737 3106 ς.
845 3044 911 3104 138.
931 3052 961 3103 ct
979 3043 1092 3118 Pndsgs
1112 3065 1147 3103 ac
1166 3044 1254 3127 ioqui.

143 3120 201 3177 113
211 3137 255 3195 sq.
276 3116 624 3193 titulique-custodibus
638 3118 786 3177 Priscian.
800 3120 953 3187 V11,7‚33
965 3126 1069 3196 11718.
1129 3126 1195 3183 144.
1216 3124 1254 3182 ad

144 3214 221 3271 quae
241 3213 301 3271 pto:
322 3204 408 3269 atque
429 3191 494 3265 Pas.
555 3195 621 3251 145.
642 3196 747 3251 robora
766 3194 937 3270 pialitura.
981 3198 1029 3255 fici
1049 3200 1197 3267 Pesticos
1217 3220 1253 3261 ω.

144 3272 202 3333 146
212 3274 265 3330 sici
274 3269 369 3329 uoluit
382 3272 510 3345 Pinzpsr
521 3268 553 3327 da
562 3286 622 3327 uss.
632 3288 714 3346 spur.
725 3277 809 3348 p.12.
917 3274 982 3332 147.
1004 3286 1074 3350 quot
1092 3296 1154 3352 pm:
1176 3277 1255 3353 qnod

143 3346 211 3425 pr.
292 3350 357 3408 149.
378 3366 518 3426 percussa
537 3349 602 3404 Pur:
623 3346 743 3425 perlusa
763 3365 827 3425 11ς.
892 3355 949 3409 150
958 3354 1102 3411 Priscian.
1117 3357 1166 3421 Vl,
1177 3358 1204 3425 5,
1216 3358 1254 3413 26

141 3430 247 3503 putidi).
325 3442 444 3503 prorsus
465 3422 638 3483 Fraiashant.
652 3423 690 3481 ad
702 3425 911 3497 11011112,
935 3447 1037 3487 uersus
1057 3434 1094 3487 11.
1109 3430 1255 3502 Valesius,

141 3504 244 3561 furnos
255 3500 357 3563 Aethio
381 3522 427 3559 um
437 3500 474 3558 ad
485 3500 609 3579 populos
620 3499 894 3577 incolumitates
906 3508 986 3563 naiso.
995 3505 1067 3583 phil.
1080 3512 1099 3566 1
1105 3527 1134 3583 p.
1142 3508 1254 3586 disq).

142 3580 276 3657 altosque
287 3582 326 3635 P:
347 3522 478 3655 aliosque
489 3597 513 3637 ω
525 3579 698 3637 Priscianus
710 3578 808 3638 Weber
818 3580 986 3639 animaduu.
997 3602 1026 3659 p.
1037 3586 1133 3660 tlsq,
1154 3585 1253 3643 albos-

142 3678 200 3735 que
221 3653 492 3725 Plalltrtardacolrs.
609 3653 753 3713 eleianros
774 3656 822 3729 Ps.
914 3662 999 3719 .151.
1020 3680 1196 3739 pyrneneurn
1217 3666 1252 3723 Ρ,

142 3739 199 3795 152
212 3735 357 3795 moiun.
373 3735 496 3803 VIMO,
510 3734 542 3791 51
561 3735 662 3809 pror.
776 3733 912 3813 adposuit
930 3768 967 3776 —-
988 3739 1141 3814 niuemque
1161 3740 1254 3799 schol.

139 3814 256 3873 Lucani
266 3815 293 3879 1,
302 3812 370 3870 481.
506 3809 642 3887 opposuit
662 3814 727 3867 Par:
753 3811 889 3888 imposuit
909 3816 1091 3890 Priscianus,
1117 3816 1254 3894 adposuit

138 3888 313 3948 scitellus.
410 3890 476 3946 153.
499 3886 608 3944 diducit
628 3888 718 3945 PSro:
740 3889 858 3947 deducit
876 3888 900 3962 f,
922 3890 1033 3948 diduxit
1053 3908 1079 3959 ς.
1166 3905 1195 3951 et
1214 3926 1253 3937 -

139 3976 223 4026 aceto
244 3964 331 4024 solrol.
342 3966 457 4023 Lucani
467 3967 567 4030 1183.
578 3965 645 4021 255.
725 3968 831 4043 rumpit
850 3965 960 4039 Padfg:
980 3970 1057 4045 rupit
1077 3968 1251 4045 leproscliol.

137 4046 265 4103 Lucani.
320 4040 408 4099 schol.
419 4044 598 4113 Lucanill',
610 4043 667 4099 658
677 4042 755 4117 apud
768 4040 870 4102 Walter
878 4042 972 4118 praef.
983 4049 1096 4119 uxta
1105 4054 1253 4122 tamquam

137 4120 291 4183 quenalis
308 4118 423 4179 ustor:
449 4116 640 4197 deductisque
667 4118 742 4177 uiam
767 4120 895 4198 scopulis
916 4122 971 4178 sibi
991 4122 1061 4181 fecit
1081 4133 1173 4185 aceto.

137 4201 206 4261 15⁵.
226 4208 323 4257 actum
343 4193 564 4271 persensus.
643 4194 734 4273 inquit
753 4216 789 4275 pr
807 4196 909 4274 inquid
926 4197 994 4274 pr.
1091 4207 1095 4214 '
