3025 4859
577 343 787 401 sarrravr.
1183 321 1233 396 47

128 523 183 583 aut
204 513 313 608 aliqua
335 512 514 580 exstiterint
536 521 569 580 et
590 510 649 579 sub
671 510 762 594 Ioue,
785 519 835 579 set
853 507 930 580 loue
951 508 1093 580 nondum
1195 515 1232 574 15

129 624 274 707 barbato,
295 621 437 693 nondum
460 621 591 692 Graecis
612 625 717 692 iurare
737 621 857 713 paratis

127 759 184 828 per
206 743 306 828 caput
328 732 473 814 alterius,
495 754 571 800 curu
592 733 695 800 iurem
716 753 813 800 nemo
835 732 961 800 timeret

128 843 270 913 caulibus
293 852 327 912 et
346 845 450 937 pomis
473 850 506 911 et
528 851 639 934 aperto
661 843 786 912 uiueret
807 841 909 910 horto.

126 953 279 1047 paulatim
301 954 416 1023 deinde
438 953 479 1021 ad
500 974 634 1044 superos
657 951 790 1020 Astraea
812 953 946 1020 recessit

127 1064 187 1132 hac
208 1065 342 1147 comite,
363 1064 468 1156 adque
490 1063 574 1132 duae
595 1064 713 1156 pariter
734 1064 846 1156 lugere
868 1083 1006 1130 sorores.
1190 1069 1233 1126 20

128 1177 268 1243 anhcum
290 1181 324 1241 et
345 1180 438 1241 uetus
460 1181 509 1241 est
530 1172 683 1254 alienum,
704 1170 873 1254 Postume,
894 1170 1015 1240 lectum

130 1292 301 1354 concutere
323 1283 429 1375 adque
451 1284 533 1352 sacri
555 1285 685 1376 genium
707 1289 913 1350 contemnere
935 1280 1042 1364 lulcri;

133 1416 226 1464 omne
247 1393 335 1490 aliud
357 1395 477 1462 crimen
498 1415 576 1462 mox
599 1396 702 1461 terrea
724 1391 855 1485 protulit
877 1400 979 1472 aetas,

129 1505 275 1573 uiderunt
294 1506 414 1598 primos
436 1512 588 1595 argentea
609 1502 739 1571 saecula
760 1501 921 1572 moechos.

129 1624 321 1684 conuentum
342 1623 451 1682 tamen
473 1620 506 1681 et
525 1621 655 1704 pactum
677 1622 709 1680 et
730 1612 889 1706 sponsalia
910 1621 1020 1682 nostra

130 1732 320 1817 tempestate
341 1746 448 1818 paras,
470 1725 598 1816 iamque
620 1746 639 1790 a
662 1732 791 1792 tonsore
813 1725 965 1816 magistro

129 1835 264 1928 pecteris
287 1842 320 1901 et
342 1834 441 1927 digito
461 1833 577 1926 pignus
599 1835 735 1901 tortasse
757 1833 880 1902 dedisti.

128 1953 213 2013 certe
235 1967 332 2013 sanus
354 1967 435 2012 eras.
469 1965 617 2026 uxorem,
637 1941 791 2012 Postume
814 1940 926 2012 ducis?

25 2044 26 2121 ξ
126 2055 187 2136 dio,
210 2078 274 2148 qua
295 2053 483 2146 Tisiphone,
505 2053 621 2146 quibus
643 2055 807 2146 exagitare
829 2053 990 2122 colubris?

25 2174 26 2189 ³
126 2166 207 2234 lerre
228 2174 322 2258 potes
345 2164 504 2233 dominam
527 2163 624 2232 saluis
647 2173 694 2234 tot
716 2165 853 2232 restibus
875 2164 986 2246 ullam,
1190 2179 1230 2232 3ο

128 2297 201 2344 curn
221 2285 353 2369 pateant
374 2274 457 2343 altae
478 2274 716 2368 caligantesque
737 2277 910 2359 fenestrae,

128 2409 200 2455 cum
223 2386 279 2454 tibi
301 2385 441 2452 uicinum
462 2408 498 2452 se
519 2383 673 2477 praebeat
694 2383 849 2454 Aemilius
870 2385 976 2478 pons?

26 2536 27 2575 1
126 2504 179 2562 aut
200 2497 228 2562 si
249 2496 290 2563 de
312 2493 419 2562 multis
440 2494 547 2562 nullus
568 2495 675 2588 placet
696 2498 816 2577 exitus,
838 2495 915 2564 illud

125 2627 230 2674 nonne
251 2612 346 2697 putas
367 2602 496 2687 melius,
517 2606 605 2697 quod
626 2614 734 2674 tecum
756 2608 854 2699 pugio
877 2607 1002 2686 dormit,

27 2746 28 2779 ;
125 2717 237 2808 pugio,
260 2717 315 2808 qui
335 2723 434 2782 noctu
454 2738 518 2782 non
540 2714 657 2807 litigat,
681 2718 779 2809 exigit
802 2740 843 2786 ex
866 2725 897 2784 te
1193 2728 1231 2784 35

122 2823 207 2891 nulla
228 2827 336 2892 iacens
357 2824 422 2894 illic
443 2825 650 2906 munuscula,
671 2850 732 2894 uec
753 2828 896 2920 queritur
919 2827 1004 2919 quod

123 2943 154 3002 ct
174 2932 266 3002 lateri
289 2957 403 3028 parcas
423 2959 485 3004 nec
505 2944 660 3029 quantum
681 2937 772 3004 iussit
795 2935 949 3006 anheles?

124 3111 169 3167 15.
189 3127 233 3170 *e*
248 3111 302 3166 ouh
316 3112 350 3166 P.
416 3110 542 3168 nondum
580 3129 620 3167 ro:
640 3129 761 3168 nonaum
775 3115 810 3170 P.
870 3117 916 3170 16.
937 3113 1030 3189 grecis
1043 3117 1076 3170 P.
1137 3115 1183 3173 18.
1205 3123 1234 3172 et

123 3187 214 3264 pomis
225 3185 299 3243 Phe:
318 3204 353 3243 ac
363 3188 457 3266 pomis
468 3129 629 3262 udefplvor,
650 3198 699 3244 aut
709 3191 805 3267 pomis
820 3205 846 3256 ς.
907 3190 960 3248 sed
972 3201 1073 3268 aperto
1088 3191 1118 3248 G.
1129 3191 1232 3249 Barth.

124 3261 364 3332 adommin,
385 3273 414 3321 et
433 3274 535 3343 operto
555 3267 687 3340 Ruperti.
772 3276 835 3323 orto
856 3265 915 3342 hep.
995 3273 1041 3326 19.
1063 3276 1158 3326 astrea
1174 3270 1233 3342 Po,

121 3331 269 3409 ‘Astraea,
293 3335 452 3418 παρθένος
470 3333 662 3415 Δικαιοσύνη
683 3333 725 3409 ὥς
740 3334 956 3416 Ἰουβενᾶλιος’
977 3344 1067 3420 ploos.
1083 3344 1232 3421 11811111.

124 3435 151 3492 p.
161 3421 211 3474 21.
293 3421 341 3475 21.
363 3418 487 3474 anticum
507 3421 543 3476 P.
624 3423 673 3476 22.
687 3419 773 3476 fulcri
790 3437 831 3478 or:
850 3420 955 3478 fulchri
970 3419 1012 3497 pf,
1032 3421 1144 3500 pulchri
1154 3423 1212 3479 Pu.

123 3498 170 3552 23.
179 3495 220 3552 24
236 3496 418 3571 transposuit
430 3493 575 3552 Soluoder
585 3493 740 3553 marian.
751 3503 770 3554 o
783 3516 811 3573 p.
825 3501 933 3574 1311111.
1047 3502 1084 3556 23
1104 3502 1234 3576 spuriam

124 3569 375 3628 irdiooffloiueclcs
393 3574 572 3648 orimpffl.
641 3572 712 3630 aliut
730 3576 766 3631 Ρ.
835 3576 883 3632 21.
904 3576 1021 3633 mechos
1035 3579 1069 3633 Ρ.
1135 3577 1183 3633 25.
1203 3587 1233 3636 et

123 3647 272 3725 sponsalis
289 3665 353 3724 pur:
381 3657 411 3706 et
430 3667 485 3706 om.
505 3652 540 3706 P.
667 3653 715 3706 26.
742 3660 858 3709 tonsore
878 3653 1007 3710 ministro
1026 3656 1064 3711 Η.
1087 3653 1231 3724 Valeriae,

125 3734 240 3782 tonsore
260 3725 414 3784 machaera
434 3725 578 3783 Heinrich.
675 3731 721 3786 28.
744 3727 825 3784 ducis
846 3732 913 3786 Pro:
939 3729 1028 3788 duces
1048 3729 1161 3806 poefpg.

125 3805 170 3860 211.
190 3801 339 3880 tlrisipone
358 3804 394 3858 P.
489 3804 646 3879 exagitare,
665 3821 721 3862 om.
742 3805 860 3880 quihus,
885 3807 935 3864 reri
949 3809 1045 3882 aprutio
1062 3807 1170 3877 relicto,
1183 3811 1219 3867 P.

124 3879 278 4034 ‘slaglhlh
284 3879 543 4034 hemgilli?
541 3922 561 4030 'f
567 3879 1134 4020 lllrllll‘uuchl'acilllllhlhhl'
1143 3961 1221 4020 11111

127 4035 218 4109 punio
237 4036 275 4103 P,
293 4033 383 4110 pygio
402 4035 539 4108 liutpert.
559 4034 848 4108 ourr.leott.11‚17‚
868 4039 953 4115 pusio
973 4057 1028 4114 pm.
1106 4041 1154 4095 35.
1175 4058 1231 4116 pu·

127 4111 170 4186 gio
188 4109 219 4184 fs
242 4111 339 4190 punio
360 4111 396 4181 P,
415 4111 500 4188 pusio
520 4128 575 4188 pro.
659 4114 802 4189 exigitor
823 4123 852 4173 te
872 4119 989 4194 scripsi:
1015 4114 1101 4192 exigit
1122 4123 1175 4173 ..te
1195 4119 1230 4186 P,

127 4187 211 4264 erigit
228 4205 249 4246 a
266 4196 375 4265 tepor.
477 4191 525 4246 36.
547 4187 694 4267 quaeritur
711 4194 748 4249 P.
