3025 4859
267 374 346 453 236
663 392 825 448 scuorm
845 390 1004 449 varana.

268 563 326 629 tria
354 559 581 653 (prolnomina,
610 570 647 628 ut
673 561 772 633 Gaius
796 561 965 631 Cornelius
987 561 1096 655 Scipio
1123 572 1156 630 ct
1183 564 1210 629 si
1237 562 1313 654 quid
1339 564 1380 630 si·

272 671 356 740 mile.
453 694 580 749 evauno
601 696 770 741 ruorruar.
794 672 848 740 dat
870 671 1012 753 calicem,
1032 672 1065 739 in
1086 693 1150 763 quo
1172 672 1241 762 ipse
1263 671 1348 741 bibit.

357 782 426 851 131.
451 802 659 851 sonorosus
671 807 811 852 nouruus
826 806 983 852 resrvsa.
1002 782 1033 849 id
1051 790 1100 849 est
1114 804 1255 874 paupere
1266 804 1378 874 panno.

356 892 426 960 132.
450 916 712 971 Qvnnnrraceura.
732 895 765 961 id
787 902 836 961 est
857 892 1002 959 sestertia
1025 890 1152 959 dederit.

244 1020 258 1063 1
358 1003 428 1071 134.
452 1026 497 1071 rx
518 1026 638 1074 66666.
659 1004 693 1073 16
715 1012 765 1073 est
785 1004 811 1071 si
834 1004 1002 1097 pecuniam
1017 1000 1166 1070 habueris
1180 1002 1286 1070 statim
1301 1004 1378 1070 ami-

270 1134 328 1181 cus
350 1114 517 1181 unianimis
539 1115 642 1183 lieres.

357 1223 427 1289 135.
450 1248 492 1292 oa
514 1223 652 1293 Tassro.
673 1223 843 1293 cuiuslibet
864 1244 992 1292 nomen.

358 1334 426 1401 136.
447 1356 616 1403 rasesrar
637 1356 802 1403 6666666.
825 1334 959 1429 pecunia
982 1330 1163 1417 honoratur,
1185 1354 1250 1401 non
1271 1333 1377 1402 homo.

358 1443 430 1513 138.
460 1468 627 1513 66666666
650 1469 744 1513 avua.
782 1446 809 1513 si
837 1446 939 1513 carior
971 1444 1019 1511 uis
1046 1465 1117 1511 csse
1146 1443 1283 1527 amicus,
1311 1445 1377 1512 sine

230 1550 342 1621 ¹⁰liliis
364 1562 442 1623 esto.
465 1552 633 1648 Virgilium
654 1556 746 1625 ridet.

354 1666 425 1732 141.
459 1690 519 1734 sen
542 1690 607 1735 rvr
629 1688 714 1737 nvnc
736 1665 887 1739 11166666.
920 1688 1037 1735 nornen
1059 1664 1217 1748 mulieris,
1244 1686 1287 1733 ex
1308 1663 1376 1758 ipsa

265 1772 412 1841 coitione.
434 1776 638 1870 etymologia.

156 1870 160 1882 ’
355 1884 424 1951 143.
447 1910 612 1954 erraneum
633 1908 717 1956 umo.
738 1886 771 1955 id
792 1896 850 1970 est,
871 1911 1054 1981 puerorum.
1155 1910 1306 1957 6666666
1329 1910 1377 1956 rv-

266 2014 375 2063 uesrr.
397 1994 611 2064 armilausiam
633 2000 803 2091 prasinam,
823 2007 860 2065 ut
882 2000 1000 2067 simiae.

228 2122 257 2167 rs
356 2106 428 2171 146.
448 2122 644 2175 6666666616
665 2132 783 2178 aurcis.
805 2111 970 2192 mortiferi,
991 2108 1153 2178 uenenosi.

351 2217 423 2285 147.
455 2216 625 2287 Ceavnrvs
654 2242 743 2287 noar.
778 2218 819 2287 de
848 2218 985 2288 Claudio
1011 2218 1142 2290 Nerone
1174 2220 1268 2305 dicit,
1302 2224 1373 2316 quia

263 2326 372 2419 lungo,
394 2350 498 2396 uxore
521 2352 577 2397 sua
600 2330 745 2412 iaciente,
767 2339 911 2399 mortuus
933 2338 991 2399 est.

351 2438 423 2505 151.
443 2463 618 2508 66666666
640 2464 800 2509 nreesar.
823 2442 903 2509 ridet
925 2441 965 2509 de
986 2438 1143 2509 Homero.

352 2548 423 2617 152
446 2576 620 2621 sororumve
642 2554 751 2620 Aram.
773 2552 814 2619 de
835 2550 1020 2644 Hesperidis
1043 2550 1128 2620 dicia
1238 2576 1292 2631 avr
1314 2576 1372 2622 ru·

224 2680 366 2734 ²⁰orrvn
389 2686 510 2732 rasus.
532 2666 602 2732 tiro.

350 2772 422 2843 154.
444 2798 488 2841 rer
509 2798 611 2845 66666
636 2794 851 2851 uerreusove
873 2794 1041 2843 66666661.
1063 2774 1158 2866 quale
1175 2774 1264 2843 simia
1285 2798 1374 2847 man·

262 2884 369 2953 66661.

352 2994 422 3060 156.
445 3018 591 3063 rancone
614 3018 746 3063 caenas.
780 3016 844 3062 non
865 3002 996 3090 propter
1018 2998 1182 3066 auaritiam
1205 3000 1280 3069 lacit
1299 2998 1369 3085 hoc,

264 3105 322 3175 sed
344 3114 380 3172 ut
402 3102 457 3172 tibi
479 3106 675 3173 iracundiam
695 3108 800 3173 iaciat.

223 3224 252 3268 ²⁶
352 3214 603 3283 1666666666
625 3239 755 3285 nonam.
778 3216 925 3284 dentibus
946 3217 1073 3309 pressis.

349 3326 420 3393 161.
443 3350 486 3393 es
509 3350 600 3394 neers
624 3349 772 3395 conviva.
796 3336 958 3417 tamquam
980 3330 1111 3397 amicus.

349 3436 420 3502 162.
443 3458 574 3505 666666
597 3462 639 3504 re
661 3458 790 3505 mooun.
813 3438 911 3504 odore
933 3460 1010 3504 suae
1032 3442 1172 3510 cosinae.

351 3546 418 3614 lot.
452 3572 480 3615 sr
503 3570 656 3617 courmrr
677 3572 800 3617 svavu.
834 3546 896 3637 [ars
917 3550 1037 3641 esaar]
1069 3559 1104 3617 ut
1126 3552 1230 3623 denuo
1252 3557 1293 3623 66
1316 3558 1372 3627 6ο-

260 3677 349 3725 mum
371 3657 470 3749 ipsius
490 3658 611 3725 redeat.
698 3659 768 3725 163.
791 3680 853 3725 unc
876 3682 963 3727 6666
986 3682 1180 3731 coureorar.
1205 3667 1274 3733 164.
1299 3668 1371 3757 [av-

259 3928 287 3983 1.
310 3926 666 4003 (166166116196666666.
688 3926 768 3987 16611.
785 3930 837 4001 Vl,
852 3932 899 3988 18.
978 3934 1005 3990 6.
1026 3930 1103 3989 fieris
1124 3934 1183 3992 ΡΒ.
1264 3942 1311 3995 10.
1331 3935 1368 3997 de

257 4002 381 4079 Virgilio
401 4001 632 4077 Seburtzlleiscb.
750 4010 797 4063 12.
823 4008 1014 4085 etuernologia
1035 4012 1094 4069 PS.
1114 4029 1186 4069 corr.
1209 4014 1368 4073 1166666666

257 4082 335 4155 6666
355 4098 379 4138 6.
457 4082 503 4139 14.
526 4093 575 4137 661
595 4081 714 4140 similem
735 4081 880 4141 Rubenius
894 4084 986 4145 616611.
1001 4091 1042 4156 11,
1057 4092 1104 4147 12.
1182 4092 1231 4148 21.
1253 4092 1367 4167 qualem

259 4159 318 4214 ΡΒ.
338 4174 414 4216 corr.
438 4159 468 4216 Ο.
492 4158 592 4216 1166111.
709 4164 758 4217 22.
780 4178 810 4217 u.
832 4162 899 4220 155.
921 4158 1020 4221 ‘senam
1039 4168 1208 4241 irrupistrum
1229 4168 1367 4244 eapullum

258 4231 392 4307 6161161
412 4227 546 4294 Protea?
570 4238 604 4293 V.
678 4228 816 4315 ‘capella
838 4236 1069 4318 campidoctore?
1090 4260 1237 4320 suprascr.
1257 4249 1293 4305 P.
