3025 4859
599 391 747 447 SATVRA
764 394 812 449 111.

152 562 292 631 conterat
312 564 489 655 impensam
512 561 564 631 hic
584 564 669 632 nuda
692 572 725 631 et
747 563 880 632 candida
902 565 1001 658 signa,

149 671 199 741 bic
222 672 341 765 aliquid
363 668 563 768 praeclarum
585 674 802 769 Euphranoris
826 684 859 742 et
878 672 1042 757 Polucliti,

150 782 200 852 bic
221 786 413 855 Asianorum
435 796 545 854 uetera
568 794 753 855 ornamenta
778 787 926 866 deorum,

149 894 200 963 hic
220 894 320 964 libros
343 896 429 963 dabit
451 906 483 964 et
505 897 626 965 londos
649 898 849 989 mediamque
871 896 1063 979 Mineruam,

150 1004 201 1073 hic
223 1007 369 1075 modium
390 1012 529 1101 argenti:
551 1008 683 1075 meliora
706 1032 743 1075 ac
765 1008 858 1100 plura
879 1009 1004 1099 reponit
1194 1022 1256 1077 220

149 1114 297 1185 Persicus
320 1118 471 1187 orborum
493 1119 687 1187 lautissimus
711 1128 743 1185 et
764 1119 878 1185 merito
899 1121 964 1185 iam

151 1237 333 1320 suspectus,
356 1239 518 1322 tamquam
539 1232 608 1324 ipse
633 1254 707 1299 suas
729 1230 904 1297 incenderit
926 1231 1031 1299 aedes.

150 1341 175 1405 si
196 1349 289 1431 potes
312 1340 406 1408 auelli
429 1343 632 1423 circensibus,
654 1343 774 1432 optima
796 1339 898 1407 Sorae

150 1460 203 1518 aut
224 1451 426 1519 Fabrateriae
448 1454 563 1521 domus
586 1462 641 1521 aut
662 1452 839 1519 Frusinone
861 1459 1005 1541 paratur,

149 1564 257 1653 quanti
278 1586 363 1631 nunc
384 1564 531 1631 tenebras
555 1588 653 1632 unum
675 1563 829 1631 conducis
850 1563 882 1629 in
907 1583 1032 1629 annum.
1191 1578 1254 1635 225

149 1669 293 1739 hortulus
314 1672 375 1757 hic,
397 1685 578 1767 puteusque
601 1675 706 1742 breuis
728 1697 788 1741 nec
809 1682 894 1740 reste
917 1674 1095 1742 mouendus

149 1782 180 1849 in
202 1786 306 1851 tenuis
327 1785 451 1878 plantas
474 1786 558 1854 facili
580 1785 763 1855 defunditur
784 1784 909 1853 haustu.

149 1895 222 1961 uiue
244 1894 379 1963 bidentis
402 1920 511 1965 amans
534 1906 567 1964 et
588 1894 665 1964 culti
687 1895 801 1963 uilicus
821 1895 920 1977 horti,

150 2008 234 2075 unde
257 2007 388 2099 epulum
409 2009 514 2100 possis
536 2015 664 2075 centum
688 2007 764 2074 dare
785 2005 1005 2100 Pythagoreis.

151 2127 199 2184 est
221 2117 352 2210 aliquid,
375 2142 578 2211 quocumque
600 2117 688 2197 loco,
711 2139 917 2209 quocumque
939 2140 1070 2187 recessu
1191 2132 1256 2189 230

150 2231 242 2296 unius
265 2252 336 2296 sese
358 2229 523 2297 dominum
544 2230 658 2297 fecisse
679 2227 828 2295 lacertae.

233 2337 393 2407 Plurimus
415 2340 467 2409 hic
489 2364 587 2433 aeger
608 2342 742 2408 moritur
762 2338 937 2431 uigiland03
960 2339 1017 2407 sed
1038 2339 1144 2432 ipsum

148 2450 334 2543 languorem
354 2454 479 2544 peperit
501 2452 591 2520 cibus
613 2453 808 2544 inperfectus
830 2458 863 2516 et
883 2448 1018 2517 haerens

149 2561 267 2629 ardenti
289 2563 469 2644 stomacho,
492 2586 567 2631 nam
590 2586 671 2655 quae
695 2562 853 2629 meritoria
876 2583 1024 2628 somnum

150 2672 340 2741 admittunt?
369 2676 492 2767 magnis
515 2673 628 2766 opibus
652 2674 806 2742 dormitur
827 2673 861 2738 in
881 2670 976 2753 urbe,
1192 2685 1254 2743 235

147 2784 219 2852 inde
241 2793 338 2878 caput
359 2784 477 2868 morbi3
499 2786 648 2853 redarum
671 2786 821 2852 transitus
844 2794 912 2850 arto

148 2897 292 2964 uicorum
312 2896 431 2964 inllexu
453 2904 486 2963 et
507 2898 618 2963 stantis
640 2898 785 2964 conuicia
807 2895 959 2963 mandrae

149 3008 282 3103 eripient
303 3029 450 3075 somnum
470 3004 580 3075 Druso
603 3006 775 3099 uitulisque
796 3008 934 3074 marinis

147 3186 213 3241 217.
234 3180 448 3259 poluclytiPS‚
468 3182 597 3261 policleti
612 3200 646 3240 ω.
672 3182 709 3255 of.
728 3185 889 3252 VHMOS.
995 3185 1062 3241 218.
1083 3180 1157 3239 haec
1177 3182 1253 3239 asia·

148 3278 247 3317 norum
265 3260 322 3332 ΡΒ,
344 3257 404 3317 cod.
425 3260 625 3333 Victorianus,
653 3259 864 3317 secasianorum
883 3277 940 3335 por,
959 3259 1217 3335 phaecasianorum
1238 3276 1256 3327 ς

152 3340 309 3395 Romanor.
322 3335 360 3394 ad
371 3334 532 3394 cuthbert.
543 3340 671 3413 rpooa,
692 3337 942 3415 plraecasiatoram
953 3335 1043 3394 Roth.
1102 3340 1170 3394 220.
1184 3347 1214 3395 et
1227 3352 1254 3404 ς.

149 3418 214 3472 227.
236 3416 359 3471 Serohts
371 3412 409 3471 od
423 3416 503 3489 Vera.
515 3417 744 3489 peor9.lV‚tl5.
825 3415 918 3471 tenuis
931 3416 990 3480 Ρςε
1010 3422 1111 3471 tenues
1131 3432 1186 3488 por.

150 3490 318 3549 defunditur
337 3490 438 3557 Pete:
459 3490 629 3549 diffunditur
649 3508 673 3547 ro
695 3494 826 3549 Seruius.
912 3494 977 3549 228.
999 3489 1100 3546 uilicus
1118 3494 1157 3548 P:
1178 3490 1256 3548 uitli-

149 3588 197 3625 cus
217 3586 272 3645 por.
351 3568 427 3625 horti
440 3571 480 3625 P:
501 3570 554 3625 orti
574 3567 634 3645 pbr.
712 3566 1122 3642 229.Ptocaas,4p.1706.
1200 3588 1254 3645 py-

148 3646 272 3722 tagoreis
285 3647 343 3703 Ps.
414 3649 481 3703 231.
502 3646 627 3703 lacertae
638 3648 728 3704 PSro:
747 3647 882 3703 lacernae
903 3647 949 3703 uel
965 3646 1093 3703 lacertae
1113 3643 1140 3711 d,
1161 3644 1254 3703 lacer-

148 3732 193 3781 tae
210 3722 256 3781 uel
273 3722 394 3781 lacenae
416 3721 440 3790 b,
460 3722 561 3779 lacerti
576 3725 615 3781 N.
627 3726 765 3781 narratae
776 3720 907 3780 adorares.
917 3727 936 3780 1
940 3726 971 3791 V,
982 3727 1000 3781 8
1010 3728 1112 3798 able.
1125 3720 1163 3779 od
1170 3721 1255 3781 Ouid.

148 3798 219 3872 seat.
230 3804 274 3869 11,
284 3804 350 3867 578,
371 3802 508 3857 tabernae
528 3802 662 3875 Ruperti.
741 3804 798 3857 232
809 3818 870 3875 sqq.
891 3800 1030 3877 plurimus
1049 3836 1087 3845 -
1108 3800 1255 3857 stomacho

147 3880 414 3944 nisaeuxt'm,
428 3882 455 3945 6,
467 3882 503 3934 62
513 3896 541 3951 p.
551 3880 634 3935 1136.
714 3877 852 3954 plurimus
864 3910 898 3919 -
910 3876 1097 3956 imperfectus
1110 3878 1255 3935 meten.

151 3955 426 4031 taraucam.
446 3956 740 4031 1⁷111,13‚71p.824.
800 3956 894 4032 ipsum
906 3957 971 4011 Por:
988 3954 1066 4011 illurn
1080 3957 1247 4021 §Priscian

149 4034 211 4089 233.
231 4033 339 4092 herens
359 4035 393 4089 P.
472 4035 538 4089 234.
560 4050 645 4107 quem
665 4036 703 4089 Η.
719 4032 862 4089 Valesius.
939 4036 1007 4091 236.
1028 4032 1191 4089 rraedarum
1208 4034 1243 4089 P.

148 4112 210 4169 237.
231 4110 360 4169 conuitia
372 4111 405 4166 S.
463 4112 531 4168 238.
545 4110 670 4187 eripiunt
681 4125 709 4178 ς,
721 4110 844 4186 eripiant
854 4107 916 4166 edd.
977 4128 1044 4166 urso
1057 4110 1255 4166 Britannicus.

151 4186 280 4246 uitulisoe
301 4184 405 4246 locate
423 4188 455 4244 to
466 4185 612 4245 Matthiae
628 4188 708 4246 miso.
726 4185 827 4262 ptati
842 4204 873 4263 p.
885 4188 933 4245 82.
965 4184 1128 4260 uetulisque
1146 4185 1256 4243 maritis

150 4264 342 4324 ltValaatos.
