3025 4859
240 228 316 304 341
625 235 969 293 scnoarrvaram.

240 414 324 501 apud
347 436 399 480 me
420 412 632 503 pantomimos
654 419 710 477 aut
730 408 884 499 lyristrias
907 405 947 473 de
969 400 1129 483 Gadibus,
1151 400 1239 490 quod
1260 397 1357 465 lasci-

242 521 352 590 uiant‘?
379 519 532 588 Martialis
555 520 608 611 [V,
634 521 724 609 120]:
757 514 816 585 ‘ita
838 540 880 585 ne
902 512 1045 583 Gadibus
1065 509 1207 601 inprobis
1229 508 1358 601 puellae

242 632 411 701 uibrabunt
433 630 489 698 sed
512 632 626 699 necin
648 628 710 696 line
733 635 909 720 pruncntes
935 624 1073 691 lasciuus
1096 619 1190 689 docili
1214 628 1355 687 tremore

241 739 387 811 lambos.³

215 874 230 917 a
331 852 401 920 163.
428 872 796 917 1N01PIANT?.R.R.1·R.
830 868 913 938 quae
941 868 1000 911 suo
1029 852 1120 911 motu
1142 844 1260 910 faciunt
1282 840 1356 908 bar·

243 964 336 1032 batos
359 962 423 1053 pati
445 961 649 1053 pruriginem.

332 1074 400 1139 169.
431 1094 642 1139 aaraanrrvn
664 1092 707 1135 aa
730 1090 809 1136 uox.
842 1066 883 1133 ad
908 1063 1075 1133 Venerem
1098 1061 1295 1142 subauditur,
1316 1059 1358 1127 il-

244 1185 283 1252 lis
305 1181 500 1250 saltantibus.

333 1295 403 1358 170.
426 1314 701 1360 varnauovaava.
720 1291 841 1358 irritata
864 1286 986 1355 scilicet
1007 1284 1154 1354 clunibus
1175 1282 1358 1352 saltantium

209 1424 237 1465 1⁰
248 1402 436 1495 puellarum.

334 1517 404 1581 171.
427 1536 557 1582 avoaar
579 1534 666 1581 rana.
688 1534 740 1578 res
762 1519 818 1577 aut
838 1511 990 1578 luxurias.

336 1626 406 1693 172.
442 1647 615 1692 rasrravu
639 1646 667 1690 c.
690 1645 720 1689 r.
744 1646 776 1689 a.
817 1624 907 1688 testis
928 1643 1003 1688 nam
1025 1626 1118 1687 antea
1140 1615 1361 1708 percutiebant

249 1733 433 1803 saltantibus
451 1733 668 1826 pantomimis,
696 1734 770 1824 quia
798 1756 869 1799 mos
897 1732 1001 1800 adbuc
1021 1753 1086 1798 non
1107 1738 1176 1796 erat
1195 1735 1232 1795 ut
1252 1749 1361 1795 meso·

251 1844 339 1913 chori
360 1852 564 1936 percuterent
585 1841 739 1909 manibus.

212 1976 238 2021 rr
339 1954 407 2022 173.
438 1976 551 2030 orravs
574 1976 733 2022 assumar
756 1976 798 2021 n..
820 1977 847 2019 a.
885 1963 952 2021 tam
974 1952 1130 2031 obscenis,
1153 1959 1188 2017 ut
1208 1948 1271 2017 illis
1291 1972 1362 2017 me·

250 2066 381 2133 retrices
403 2061 589 2130 abstineant.

337 2173 407 2241 174.
428 2197 564 2240 vocravs
588 2196 616 2240 o.
640 2198 664 2241 s.
688 2198 718 2243 rr.
741 2162 856 2243 diuites
878 2172 1043 2242 cantilenis
1065 2171 1220 2263 turpibus.

338 2284 406 2351 175.
430 2308 484 2361 ovr
505 2282 798 2353 Lacanaarrorrrvrr.
821 2285 875 2375 qui
898 2285 1008 2375 expuit
1029 2305 1124 2374 supra
1146 2280 1361 2350 marmorlra·

251 2394 489 2476 cedemonium,
517 2417 581 2485 quo
604 2402 737 2463 stratum
760 2404 810 2461 est
831 2397 1058 2486 pauimentum,
1080 2402 1116 2461 ut
1136 2392 1211 2461 leue
1233 2392 1292 2478 sit,
1326 2400 1364 2459 ut

212 2503 436 2575 rosaltantibus
459 2502 573 2597 puellis
595 2505 671 2572 nihil
691 2506 840 2598 inpediat

339 2618 408 2683 176.
430 2640 513 2683 aaaa
535 2638 651 2683 rvarrs
676 2616 883 2706 [sonavmal
906 2616 1050 2683 diuitum.
1073 2618 1165 2707 quasi
1185 2614 1280 2682 liceat
1300 2613 1364 2681 illis

251 2746 400 2818 peccare.

338 2839 409 2905 177.
431 2862 648 2907 uaoracaravs
663 2860 696 2903 n.
713 2858 742 2903 a.
758 2861 793 2905 n.
807 2860 849 2905 11..
878 2838 911 2905 id
933 2846 991 2918 est,
1013 2839 1039 2904 si
1062 2836 1132 2905 alca
1152 2836 1264 2905 luserit
1284 2860 1365 2929 pau,

255 2969 312 3038 per
334 2956 389 3013 aut
411 2948 600 3017 adulterium
621 2948 743 3028 lecerit,
767 2947 965 3016 damnandus
988 2956 1053 3031 estr
1090 2951 1117 3015 si
1138 2949 1229 3015 diues
1249 2947 1366 3017 horum

216 3066 243 3107 ²⁵
255 3055 373 3148 aliquid
396 3059 549 3149 [lecerit],
570 3062 698 3126 iocosus
721 3056 909 3148 appellatur.

343 3168 413 3234 180.
437 3172 646 3238 cobavcrrvn
667 3165 806 3235 lamnas.
830 3167 955 3260 Virgilii
977 3170 1045 3235 siue
1066 3167 1199 3235 Homeri
1221 3190 1343 3237 uersus.

342 3278 413 3349 182.
434 3304 511 3357 orna
533 3302 669 3347 aaranr.
702 3278 778 3371 quid
800 3279 941 3361 interest,
963 3288 1071 3346 utrum
1092 3278 1185 3361 bona,
1207 3302 1249 3347 an
1270 3277 1364 3347 mala.

256 3620 285 3671 2.
307 3632 361 3671 nec
378 3614 414 3673 de
428 3614 594 3675 Martialis.
655 3620 683 3675 3.
706 3619 769 3675 sine
782 3614 839 3673 fiae
853 3616 1017 3694 prurientes
1028 3614 1193 3675 Martialis.
1250 3620 1279 3675 7.
1294 3618 1367 3674 sub·

256 3691 372 3748 auditus
392 3696 426 3749 P.
448 3695 501 3750 sub
522 3695 554 3751 S.
576 3694 686 3752 scilicet
705 3713 729 3753 s.
846 3698 893 3752 13.
915 3694 1031 3769 quidam
1054 3693 1110 3749 lruc
1129 3712 1188 3750 non
1208 3696 1267 3752 PS.
1298 3695 1366 3769 quia

257 3768 352 3825 adbuc
371 3788 433 3827 rnos
453 3789 510 3827 non
530 3770 558 3828 la.
580 3772 648 3847 quia
668 3772 763 3828 adhuc
783 3791 841 3828 nou
863 3782 924 3829 erat
946 3772 1068 3847 Lipsiae
1088 3788 1150 3846 epp.
1172 3769 1211 3828 od
1228 3770 1306 3847 lep.
1322 3776 1367 3842 11,

257 3848 305 3903 48.
339 3848 406 3922 quia
433 3858 500 3904 tunc
520 3866 578 3904 non
605 3859 667 3906 erat
686 3848 853 3907 Salmasius
874 3846 913 3905 od
935 3850 1006 3922 γορ.
1029 3850 1127 3905 Corin.
1149 3852 1197 3907 19.
1230 3850 1367 3925 quoniam

256 3932 325 3978 tuac
345 3943 400 3980 aon
422 3942 446 3981 c.
469 3925 594 4001 quidam.
616 3924 662 3982 lric
683 3926 797 3983 nouerit
816 3934 847 3981 ut
865 3928 991 4000 Ratpcrs
1011 3943 1092 3982 sorr.
1114 3924 1189 3983 lectt.
1211 3930 1253 3993 11,
1274 3930 1321 3985 16.

255 4004 398 4057 mesocori
417 4002 476 4059 ΡΒ.
556 4006 602 4061 17.
625 4002 729 4061 diuites
755 4002 935 4060 delectentur
954 4019 979 4057 s.
1057 4007 1104 4061 19.
1126 4001 1191 4060 leae
1211 4005 1270 4060 ΡΒ.
1289 4021 1366 4063 corr.

255 4078 380 4151 Rotpers
398 4094 479 4137 «απ.
500 4077 575 4137 lectt.
596 4084 639 4150 11,
661 4084 708 4139 18.
785 4083 834 4137 25.
855 4079 959 4137 lecerit
979 4076 1045 4137 odd.
1065 4098 1094 4155 p.
1172 4080 1254 4137 iocus
1274 4082 1307 4139 8.
