3025 4859
599 394 745 449 sarran
764 398 784 450 1.
1221 378 1244 450 7

125 575 157 633 et
177 565 330 635 maribus
352 559 453 633 nudas
477 564 615 633 ostendit
636 562 736 655 Pyrra
757 565 896 657 puellas,

124 678 287 769 quidquid
309 685 408 769 agunt
428 674 583 756 homines,
606 686 719 743 uotum
741 677 838 742 timor
859 678 905 742 ira
928 674 1078 768 uoluptas
1200 681 1241 740 85

124 788 247 879 gaudia
273 788 436 854 discursus
458 788 559 853 nostri
581 787 707 877 farrago
729 785 827 853 libelli
850 796 906 853 est.

125 908 157 963 et
179 899 316 989 quando
339 897 466 963 uberior
488 898 638 964 uitiorum
660 896 775 989 copia?
798 899 924 988 quando

126 1011 232 1076 maior
257 1009 409 1075 auaritiae
431 1010 534 1099 patuit
554 1007 665 1075 sinus?
694 1008 763 1075 alea
787 1010 914 1100 quando

124 1118 183 1187 hos
206 1118 361 1187 animos?
394 1141 500 1210 neque
522 1122 606 1185 enirn
627 1119 740 1187 loculis
763 1118 986 1187 comitantibus
1008 1119 1071 1185 itur

127 1231 166 1298 ad
189 1254 309 1297 casum
330 1228 471 1309 tabidae,
493 1232 596 1321 posita
618 1231 676 1298 sed
697 1229 815 1297 luditur
838 1252 920 1297 arca.
1199 1240 1241 1296 90

126 1340 393 1433 proeliaquanta
415 1339 480 1406 illic
502 1340 721 1431 dispensatore
741 1340 866 1408 uidebis

126 1450 307 1543 armigero!
335 1450 511 1542 simplexne
532 1452 621 1517 furor
643 1452 787 1518 sestertia
810 1461 938 1519 centum

126 1562 265 1652 perdere
290 1570 322 1627 et
342 1560 483 1628 horrenti
505 1563 645 1629 tunicam
667 1584 731 1628 nou
752 1562 885 1630 reddere
908 1560 1028 1631 seruo?

127 1674 196 1763 quis
221 1673 359 1739 totidem
382 1671 484 1737 erexit
504 1670 612 1753 uillas,
635 1672 706 1763 quis
728 1672 848 1740 fercula
872 1684 995 1765 septem

127 1791 255 1850 secreto
281 1784 408 1849 cenauit
428 1779 531 1849 auus?
560 1804 646 1849 nunc
668 1781 812 1873 sportula
834 1786 936 1875 primo
1195 1790 1235 1849 85

127 1891 234 1960 limine
258 1916 360 1984 parua
382 1893 475 1960 sedet
495 1892 608 1959 turbae
630 1893 782 1983 rapienda
804 1904 941 1987 togatae.

129 2003 180 2070 ille
202 2013 314 2071 tamen
336 2004 450 2069 faciem
472 2004 559 2093 prius
580 2004 706 2095 inspicit
727 2011 761 2070 et
781 2007 932 2097 trepidat,
954 2028 995 2075 ne

130 2118 315 2206 suppositus
336 2114 446 2182 uenias
467 2136 506 2181 ac
528 2113 608 2181 falso
630 2116 757 2183 nomine
780 2138 912 2208 poscas3

129 2228 254 2317 agnitus
279 2224 429 2315 accipies,
451 2224 540 2291 iubet
561 2248 580 2291 a
601 2247 762 2318 praecone
785 2228 894 2294 uocari

129 2336 213 2427 ipsos
236 2334 454 2427 Troiugenas3
476 2358 552 2402 nam
573 2346 694 2403 uexant
713 2336 811 2404 limen
834 2346 867 2404 et
887 2340 948 2430 ipsi
1175 2348 1237 2403 100

128 2446 305 2514 uobiscum.
345 2441 412 2513 “da
434 2448 588 2537 praetori,
612 2448 652 2514 da
674 2447 788 2514 deinde
811 2444 965 2515 tribuno?³

131 2556 184 2624 sed
207 2556 375 2624 libertinus
397 2558 483 2647 prior
504 2566 564 2625 est.
604 2553 745 2648 “prior,'’
768 2559 878 2648 inquit,
897 2554 984 2651 “ego
1008 2558 1130 2626 adsum.

131 2689 185 2733 cur
206 2670 358 2748 timeam,
379 2666 564 2735 dubitemue
584 2668 693 2735 locum
715 2666 910 2736 defendere?
938 2670 1083 2761 quamuis

131 2787 220 2846 natus
241 2780 283 2846 ad
307 2765 506 2868 Euphraten,
529 2778 644 2846 molles
666 2780 753 2871 quod
774 2782 807 2847 in
830 2802 906 2847 aure
929 2779 1086 2846 fenestrae

132 2892 300 2982 arguerint,
321 2889 398 2957 licet
417 2891 487 2981 ipse
508 2912 639 2982 negem,
663 2890 719 2958 sed
742 2893 882 2982 quinque
904 2889 1056 2957 tabernae
1177 2899 1237 2957 105

133 3001 359 3091 quadringenta
380 3008 501 3092 parant.
545 3001 621 3092 quid
644 3002 768 3067 confert
789 3024 929 3093 purpura
951 3000 1052 3069 nraior

135 3114 318 3201 optandum,
340 3112 368 3179 si
388 3108 540 3178 Laurenti
562 3110 701 3178 custodit
722 3110 754 3175 in
778 3133 856 3202 agro

134 3223 305 3291 conductas
328 3222 488 3290 Cominus
511 3244 604 3303 oues,
629 3245 690 3315 ego
712 3222 861 3313 possideo
884 3220 956 3315 plus

135 3458 178 3515 81.
190 3457 281 3534 Pyrra
289 3458 348 3515 ΡΒ.
406 3458 453 3515 85.
465 3464 563 3514 uotum
577 3458 662 3514 timor
671 3459 714 3515 ira
724 3475 785 3535 por:
802 3466 899 3517 uotum
913 3458 956 3515 ira
966 3462 1001 3517 P.
1060 3462 1109 3518 86.
1122 3457 1239 3537 farrago

135 3532 219 3593 libelli
229 3546 276 3594 est
282 3535 360 3601 Ρ1ιςε
380 3542 424 3591 eat
436 3533 553 3609 farrago
564 3534 654 3592 libelli
665 3553 700 3593 ω.
779 3538 827 3594 88.
846 3554 900 3593 ont.
911 3538 942 3593 in
956 3539 1085 3611 marytre
1096 3534 1161 3593 odd.
1173 3553 1220 3603 ας.

137 3613 180 3669 88.
198 3612 273 3672 haee
286 3613 397 3670 animos
411 3612 546 3669 Heineolre
560 3614 648 3669 cahra.
661 3630 692 3688 p.
700 3615 746 3671 56.
818 3615 855 3673 84
867 3631 891 3670 a.
914 3615 978 3689 quis
993 3612 1155 3671 fereula-
1168 3632 1239 3672 auus

138 3689 252 3749 seuam
270 3689 600 3764 ravennaticae
612 3693 679 3748 726.
845 3694 892 3749 98.
915 3700 943 3747 et
962 3691 1037 3747 falso
1058 3706 1085 3758 ς.

138 3769 206 3825 aaa.
227 3770 372 3827 Ρήοάαιι.
387 3769 510 3834 Vrina
522 3772 559 3825 18
577 3785 606 3843 0.
618 3770 691 3825 8870
707 3758 867 3825 ‘quenalis
887 3770 917 3825 in
939 3770 1049 3843 pr-iruo:
1070 3769 1182 3845 agnitus
1202 3802 1241 3811 -

139 3838 333 3924 Troiugenas.²
418 3846 497 3901 iubet
508 3878 547 3889 -
560 3844 743 3919 Troiugenas
765 3846 884 3901 Sarrum
897 3843 935 3902 od
952 3847 1032 3919 Verp.
1042 3845 1115 3903 Aea.
1131 3848 1163 3913 V,
1174 3849 1240 3905 117.

140 3923 198 3979 102.
218 3924 313 3999 inquit
333 3937 388 4015 ego
407 3940 467 3996 pro:
498 3922 590 3995 inquit
610 3930 639 3979 et
659 3938 713 3995 ego
733 3923 768 3977 P.
896 3922 962 3980 104.
989 3920 1089 3979 Sidon.
1110 3920 1240 3997 Apollta.

140 4012 195 4073 100.
209 4005 277 4067 Vll,
290 4004 343 4058 17:
372 4008 456 4056 natus
477 4000 516 4056 ad
526 3998 703 4075 Euphratem
723 4016 778 4075 pro
795 3998 910 4058 Christo
931 3999 1077 4074 ergastula
1098 3994 1219 4076 passus?

140 4070 271 4137 Eufraten
291 4080 354 4135 Pro.
432 4076 511 4133 molli
531 4074 686 4134 Morsholl.
766 4079 831 4133 106.
854 4076 1065 4152 quadringenta
1085 4076 1147 4133 Pa.-
1168 4094 1240 4151 qua-

142 4147 266 4230 draginta
286 4171 314 4222 ς.
393 4172 524 4233 purpura
537 4155 618 4229 Spar:
638 4170 785 4231 purpurae
799 4156 833 4211 P.
911 4154 1003 4211 maior
1015 4156 1075 4223 Pe:
1094 4153 1185 4211 maius
1205 4172 1240 4211 ω.

141 4243 277 4311 purpurae
299 4237 413 4289 amator
431 4229 462 4300 d,
481 4248 611 4311 purpura
631 4231 770 4289 maiorum
790 4228 818 4289 lt.
