3025 4859
241 320 318 403 222
631 336 973 395 soeomrrmmi.

240 510 340 579 rabile
362 508 596 603 deprehensum
618 520 676 591 est,
698 519 734 579 ut
755 509 904 601 lapidatio
929 507 969 574 de
991 502 1080 573 caelo
1104 503 1235 571 caderet
1257 524 1356 595 supra

240 622 408 690 memorati
428 620 586 713 ponderis.
608 630 740 714 propter
763 620 848 712 quod
871 618 1050 711 prodigium
1072 638 1113 682 ex
1135 612 1221 683 libris
1246 612 1355 704 Sibyl-

239 732 310 802 linis
331 733 407 800 iussi
430 731 595 825 pontifices
618 755 660 798 ex
673 730 738 799 SC.
753 730 857 797 Albae
873 752 963 797 sacra
978 748 1144 794 renouare.
1166 732 1254 791 tante
1269 724 1354 793 enim

240 852 380 937 repente,
403 865 477 910 cum
499 866 537 910 ea
559 842 679 911 uellent
701 844 880 921 transferre,
904 838 1024 932 grando
1048 837 1171 917 cecidit,
1198 844 1233 902 ut
1259 834 1353 903 iutel-

215 954 384 1049 slegerent
405 956 470 1020 suis
491 952 570 1020 locis
591 976 681 1021 sacra
703 976 767 1019 non
791 974 862 1020 esse
884 948 1051 1016 mouenda.
1083 948 1157 1015 inde
1179 946 1221 1013 iti
1241 968 1352 1039 perse·

241 1072 363 1134 666661.
384 1065 457 1132 ideo
481 1071 514 1128 et
529 1060 678 1131 ‘Vestam
700 1057 869 1131 minorem’
895 1059 974 1125 dixit
997 1059 1037 1125 ad
1059 1059 1342 1148 comparationem

327 1176 379 1242 63.
401 1198 448 1242 vc
471 1198 591 1241 cessis.
616 1196 764 1244 canoras.
793 1174 906 1239 ianuae
919 1168 1031 1236 Palatii
1055 1168 1273 1259 praebuerunt
1292 1170 1356 1237 iter

241 1286 330 1379 pisci.

327 1397 379 1463 65.
400 1419 478 1463 mas
501 1422 530 1463 a.
552 1420 668 1465 scema
691 1394 849 1486 [PicensJ.
879 1393 1018 1483 piscator
1041 1390 1081 1458 de
1104 1392 1279 1481 prouincia,
1299 1389 1356 1459 ubi

205 1507 339 1601 ropiscis
360 1508 463 1574 lucrat
484 1518 604 1599 captus.

328 1619 380 1685 67.
413 1640 543 1687 saxeas
565 1640 711 1686 sacraria.
740 1616 792 1685 alii
815 1637 971 1694 sacraris,
994 1621 1029 1679 ut
1046 1612 1088 1678 sit
1108 1634 1232 1697 sensus,
1253 1614 1357 1683 acutis

244 1730 339 1812 curis,
360 1727 413 1796 uel
435 1731 662 1797 exercitatione
683 1731 869 1821 sagittarum
891 1724 1101 1818 digestionem
1121 1724 1254 1817 inquire.
1296 1748 1360 1794 rm-

246 1862 348 1907 anms.
375 1838 489 1930 quibus
511 1841 632 1907 uectari
652 1838 742 1907 illum
765 1838 882 1906 debere
909 1838 985 1905 dicit
1011 1837 1052 1905 ob
1076 1838 1182 1906 eibum
1204 1837 1355 1905 loturum.

244 1949 361 2042 legitur
383 1958 416 2015 et
437 1972 571 2030 suanus,
600 1952 632 2018 id
656 1959 723 2032 est,
746 1950 828 2017 escis
850 1950 963 2017 futuris
986 1946 1143 2017 stomachi
1164 1948 1356 2041 indigestum

205 2078 442 2152 aspraeparare.

327 2171 381 2238 69.
409 2193 452 2236 sc
474 2193 585 2238 66666
607 2194 673 2241 mm
694 2195 885 2240 svncssnnr
909 2194 1053 2241 cnissis.
1080 2170 1114 2239 id
1138 2176 1195 2252 est,
1218 2168 1278 2239 hac
1299 2170 1355 2241 ad-

244 2282 421 2350 sentatione
442 2304 481 2348 ac
502 2280 597 2350 laude
618 2283 850 2351 intumescebat
870 2284 1043 2375 imperator
1065 2282 1212 2374 quamuis
1234 2281 1323 2349 falsa.

330 2393 381 2459 71.
403 2415 530 2470 666666
553 2416 726 2463 eorcsms.
749 2418 885 2487 regnum
909 2392 1038 2463 scilicet.

329 2503 381 2569 73.
403 2526 533 2571 cesana
554 2527 638 2572 mco.
662 2504 810 2573 Tiberius
831 2504 920 2573 Nero
942 2504 1153 2573 Domitianus.
1176 2512 1209 2572 et
1230 2501 1293 2573 hoc
1314 2504 1354 2575 ad

206 2632 353 2683 ”mores
373 2615 470 2681 reiert
490 2615 585 2706 regis,
607 2638 672 2685 non
693 2616 734 2685 ad
755 2614 882 2685 illorum
905 2618 1026 2684 merita.

320 2726 381 2791 175.
413 2747 539 2793 cnecon
561 2749 738 2794 amomum.
777 2726 942 2795 simulatae
964 2726 1130 2795 amicitiae.
1164 2723 1280 2794 Cicero
1304 2727 1352 2817 [ir.

244 2859 276 2929 p.
289 2836 355 2903 570
375 2834 460 2927 Or.]:
482 2831 584 2905 ‘nulls
606 2844 656 2904 est
677 2806 831 2906 occultioi·
852 2860 905 2905 res
925 2838 1058 2907 insidiae
1089 2858 1236 2929 quaeque
1257 2836 1359 2907 latent

217 3176 220 3183 Ι
244 3109 272 3165 1.
294 3125 383 3184 super
402 3125 437 3164 eo
457 3107 606 3165 memorati
626 3111 847 3184 Rutpecsucrr.
861 3108 935 3165 lectt.
947 3110 972 3175 1,
984 3110 1031 3165 16.
1065 3124 1153 3185 supra
1178 3106 1355 3166 memorandi

246 3183 392 3242 1136616.
419 3203 508 3261 supra
526 3183 613 3241 fidem
634 3188 783 3245 memorati
803 3186 830 3244 6.
852 3184 1020 3244 scholiastes
1038 3182 1210 3241 historicum
1229 3186 1358 3262 aliqum

244 3260 364 3318 totidem
376 3259 641 3337 oeriisdescripsit.
759 3268 787 3321 2.
810 3274 838 3320 et
858 3265 889 3321 S.
983 3260 1131 3319 Sibellinis
1152 3264 1209 3320 ΡΒ.
1232 3281 1356 3339 comp.

243 3340 272 3395 3.
293 3338 457 3416 pontificem
477 3341 535 3397 ΡΒ.
551 3356 624 3396 oorr.
636 3358 665 3415 p.
783 3343 812 3400 5.
833 3341 903 3397 inibi
923 3344 1058 3413 Rutpcrs.
1156 3338 1357 3416 perseueranti

244 3413 300 3472 deo
321 3419 379 3475 ΡΒ.
390 3434 462 3474 coer.
473 3419 594 3491 Lipsius
607 3416 640 3474 do
654 3421 745 3475 Vecte
756 3422 785 3477 2.
808 3426 996 3494 perseuerant
1015 3414 1094 3472 idola
1118 3415 1148 3474 0.
1166 3416 1266 3474 Bortlr.
1287 3434 1356 3495 pcr-

244 3494 426 3550 seuerabant.
448 3493 515 3551 ideo
526 3512 552 3551 s.
621 3498 649 3551 6.
662 3497 900 3573 compositionem
912 3496 970 3552 PS.
1039 3497 1068 3551 7.
1084 3492 1199 3551 facilem
1212 3494 1322 3551 aditum
1332 3512 1356 3551 s.

244 3572 292 3627 11.
307 3562 352 3626 ‘in
371 3569 540 3641 pillesdune
558 3578 600 3628 est
620 3574 731 3629 iactura
748 3576 880 3647 sapietis,
906 3579 934 3627 et
955 3569 1008 3627 ltoo
1028 3568 1151 3627 lectione
1170 3568 1245 3628 16666
1264 3571 1358 3629 16666

243 3644 358 3702 Probus
369 3651 488 3722 exponit
498 3654 531 3703 ut
539 3650 578 3704 sit
587 3652 706 3723 snpittis
720 3652 741 3705 i.
752 3667 775 3705 e.
789 3654 878 3706 euris:
899 3647 943 3705 uel
955 3654 1031 3703 certe
1042 3648 1295 3706 exercitationibus
1305 3666 1355 3706 cc-

243 3724 384 3795 pistorum
397 3724 537 3780 stoarnciri
547 3724 598 3781 tilii
609 3744 746 3800 comparo
758 3718 962 3784 decoctionem?
978 3726 1012 3781 V.
1073 3728 1120 3781 12.
1134 3727 1227 3781 utPS.
1239 3744 1313 3785 corr.
1328 3744 1355 3782 o.

245 3798 397 3875 digestioni
417 3801 511 3875 inquit
529 3811 559 3858 et
577 3806 635 3859 ΡΒ.
657 3820 731 3861 corr.
752 3822 776 3859 o.
807 3804 997 3879 digestionem
1019 3802 1107 3857 inuita
1128 3800 1356 3875 Scirurtziloisclt.

244 3880 290 3934 12.
301 3876 448 3949 6666616]
463 3878 567 3955 legitur
578 3890 607 3935 et
618 3881 733 3954 sagenis
745 3877 977 3951 Selrurtzlleisclr.
1029 3884 1074 3935 14.
1087 3878 1156 3953 legit
1167 3882 1225 3937 ΡΒ.
1241 3897 1315 3938 corr.
1327 3898 1356 3955 p.

244 3954 421 4011 stomachum
433 3955 586 4030 digestioni
598 3952 829 4027 Scltrrrtzdciscli.
888 3962 935 4015 16.
948 3974 982 4013 ac
989 3959 1047 4013 ΡΒ.
1100 3960 1148 4012 20.
1161 3959 1288 4016 celerant
1297 3960 1355 4015 ΡΒ.

244 4031 332 4088 insert
349 4050 379 4107 p.
458 4036 506 4091 22.
525 4024 616 4107 ‘quod
633 4035 674 4088 ait
686 4034 816 4091 'i'nlliust
838 4034 934 4091 nullae
954 4040 1022 4089 srrnt
1042 4030 1213 4092 occultiores
1234 4034 1357 4092 insidiae

245 4125 331 4183 qoam
351 4126 406 4166 eae
426 4128 501 4186 quae
521 4109 612 4166 latent
631 4110 659 4165 in
680 4110 861 4169 simulatione
881 4110 969 4168 officii
990 4120 1040 4167 ant
1058 4110 1088 4165 in
1110 4109 1207 4186 aliquo
1226 4112 1358 4173 necessi·

244 4184 352 4242 tudinis
373 4179 507 4245 nomine.'
528 4186 684 4261 depastio.
695 4184 792 4248 deciri.
804 4188 990 4255 oetxvrffl,
1005 4188 1033 4246 5.
