3025 4859
277 348 355 421 250
658 366 1000 423 scnoouvsrunr.

360 529 434 597 252.
456 552 604 599 osbearn
625 554 790 600 evuoasrr.
823 535 856 602 id
878 544 935 617 est,
959 536 986 601 si
1007 534 1093 602 nudo
1114 534 1206 603 uultu
1227 538 1390 627 pudorem

276 662 341 707 uon
362 640 456 730 capit,
478 649 630 733 cooperta
652 642 780 734 quando
803 642 996 711 crubescat?

358 749 432 816 253.
455 774 538 827 ovio
560 774 658 819 rvorr
673 777 693 819 r
708 774 803 819 ssxv.
826 775 909 845 quae
924 753 1042 822 deserit
1057 776 1172 821 sexum
1187 755 1392 825 muliebrem.

357 859 440 985 254.ο
465 884 636 937 ovanovca
659 884 783 929 uosrnr
807 885 984 985 vonvrras.
1018 862 1121 930 idest
1143 886 1205 931 una
1228 866 1314 933 untia
1336 874 1394 933 est

358 1078 432 1145 255.
454 1100 574 1146 avemo
587 1101 671 1145 eris
694 1078 813 1146 litnam
825 1087 857 1145 et
868 1081 1016 1171 priuatim
1027 1082 1142 1148 arretio
1188 1082 1392 1167 (2585563-

273 1211 326 1255 uu
350 1210 394 1254 rv
415 1194 536 1274 sessu).
571 1188 728 1277 [averio]
763 1187 846 1257 illius
875 1187 996 1256 scilicet
1024 1212 1106 1280 quae
1134 1192 1275 1258 studiosa
1303 1216 1395 1285 pug-

273 1297 369 1364 nandi
391 1306 450 1365 est.
533 1297 615 1364 siin
636 1297 784 1364 auctione
807 1300 915 1367 uxoris
937 1299 1066 1367 uenient
1088 1322 1177 1369 arma
1198 1299 1396 1393 gladiatoria

274 1409 415 1498 ποταπὴ
437 1403 657 1496 ἀσχημοσύνη.

236 1533 264 1573 ¹⁰
359 1518 433 1585 256
461 1540 607 1585 sarrevs
630 1541 673 1583 oc
695 1540 848 1587 nameus.
876 1519 998 1586 reciarii
1020 1518 1142 1586 sedicet
1163 1520 1190 1586 si
1211 1536 1392 1610 personam

274 1636 330 1696 aut
351 1627 490 1695 officium
511 1628 696 1718 susceperit.

358 1738 432 1805 257.
454 1760 592 1805 nivenen
613 1759 767 1805 uovssrr.
799 1738 893 1817 retia,
921 1736 1064 1803 manicae
1094 1746 1127 1804 et
1154 1738 1287 1827 [cetera]
1317 1736 1396 1831 gla-

273 1848 432 1917 diatorum
453 1854 638 1913 strumenta.

359 1958 433 2023 258.
455 1979 586 2024 ocnsrs.
609 1977 688 2047 quas
710 1956 833 2024 reciarii
855 1964 910 2023 aut
931 1964 1097 2023 secutores
1119 1956 1244 2023 habent.

236 2079 262 2120 ¹⁶
358 2066 431 2133 259.
455 2086 614 2133 cucuron.
635 2087 737 2155 genus
759 2067 949 2133 uestimenti.

356 2176 430 2243 260.
452 2195 656 2242 sousrcurvs
677 2197 766 2241 vore.
789 2176 919 2243 sericus.
941 2175 974 2243 id
996 2183 1054 2255 est,
1076 2174 1173 2241 etiam
1194 2176 1304 2242 sericis
1329 2200 1395 2243 ue-

273 2285 374 2355 stibus
395 2291 555 2376 ponatur.

356 2397 431 2463 261.
454 2417 565 2461 iseros
588 2416 651 2471 ovo
672 2416 827 2461 susurru
856 2416 929 2461 cum
951 2414 1015 2483 quo
1036 2392 1141 2460 sonitu
1165 2414 1211 2475 eo,
1233 2416 1317 2486 quae
1340 2394 1394 2462 illi

272 2508 492 2585 ostenduntur,
511 2502 632 2594 implet.
716 2524 938 2573 uousrsrros.
960 2526 978 2569 a
1001 2501 1248 2593 campidoctore.

234 2638 265 2677 ro
360 2615 434 2683 263.
456 2635 644 2681 rornrrrsvs
665 2636 802 2680 sennar.
824 2636 921 2705 super
941 2612 1078 2705 poplites
1093 2634 1169 2680 suos
1184 2612 1273 2679 sedit
1296 2616 1394 2703 quod

273 2839 322 2905 cie
342 2835 422 2915 libri,
443 2834 475 2901 id
498 2840 548 2900 est
567 2831 663 2924 longa
685 2832 801 2897 fascea.

358 2944 431 3011 264
460 2967 504 3009 su
525 2965 601 3009 nme
623 2965 746 3009 sosrrrs
769 2962 940 3009 sessurus.
969 2949 1097 3007 etcum
1125 2940 1266 3030 posuerit
1292 2962 1393 3008 arma

274 3063 348 3149 post
368 3051 607 3121 meditationem
629 3058 718 3116 etot
739 3051 859 3141 ceperit
882 3071 948 3129 uas,
970 3057 1006 3115 ut
1028 3047 1124 3129 bibat,
1146 3048 1236 3116 ridet.

233 3182 261 3225 aa
359 3163 433 3231 265.
455 3182 572 3227 cecrvs
594 3158 756 3227 blesense
776 3159 903 3225 nomina
925 3156 1087 3225 nobilium.

356 3274 431 3341 266.
463 3294 524 3340 nos
552 3292 699 3338 nssrrvs.
736 3266 864 3359 quando
893 3268 956 3337 hoc
984 3264 1094 3335 habitu
1126 3267 1193 3335 uisa
1221 3275 1269 3335 est
1300 3290 1393 3337 uxor

271 3382 477 3485 gladiatoris?

354 3499 429 3564 267.
451 3494 584 3583 Asylus,
605 3512 723 3558 nornen
744 3486 935 3580 gladiatoris.

357 3607 430 3673 268.
465 3623 591 3671 seneen
618 3620 725 3667 nisos
752 3620 857 3665 mres.
895 3595 926 3661 in
955 3596 1070 3665 eodem
1095 3594 1228 3677 lectulo,
1256 3598 1288 3663 in
1317 3620 1389 3688 quo

234 3732 262 3774 ³⁰
275 3740 349 3786 cum
370 3736 473 3781 uxore
494 3712 657 3791 dormitur,
680 3705 825 3774 assiduae
847 3714 921 3772 sunt
939 3704 1020 3772 lites.

358 3826 430 3890 270.
465 3843 550 3889 nvnc
578 3840 661 3886 onor
690 3838 825 3885 cronros
851 3837 955 3883 esron.
995 3818 1085 3909 peior
1112 3824 1145 3883 et
1171 3815 1308 3883 ferocior
1332 3826 1390 3883 est
1495 3830 1496 3865 ³

274 3936 388 4030 tigride
410 3956 457 4015 ca,
480 3952 562 4023 quae
583 3927 665 3995 lilios
687 3950 761 3995 curn
783 3925 964 4016 perdiderit,
987 3925 1059 4017 plus
1080 3926 1203 3993 insanit.

275 4180 303 4233 5.
325 4176 426 4232 unciae
446 4173 548 4231 decern
568 4168 595 4229 lt.
674 4174 703 4227 8.
724 4174 849 4226 uencant
869 4166 1043 4223 Hannioius.
1122 4168 1169 4223 32.
1190 4166 1255 4243 ipsa
1274 4182 1298 4221 s.

272 2729 387 2797 dicitur
408 2724 521 2793 sedere
542 2731 575 2789 et
596 2744 734 2813 surgere.
815 2744 935 2790 rsscsr
956 2744 1061 2789 urnac.
1084 2720 1235 2789 uolumen
1256 2722 1288 2787 iu
1310 2744 1394 2812 spe-
1498 2760 1499 2791 1
