3025 4859
604 354 750 411 SATVRA
766 357 802 410 ΙΙ.

146 527 283 611 uellera,
303 548 365 596 uos
388 527 474 593 tenui
496 534 705 619 praegnatem
727 528 862 595 stamine
883 526 991 594 iusum

142 638 309 732 Penelope
331 637 459 719 melius,
481 636 584 705 leuius
608 641 763 731 torquetis
783 634 945 722 Arachne,

144 750 273 819 horrida
295 747 389 843 quale
411 751 485 817 facit
506 749 650 817 residens
672 751 704 817 in
727 750 838 817 codice
861 749 978 841 pellex.

144 873 260 931 notum
283 869 345 943 est,
369 884 426 929 cur
448 860 517 929 solo
540 859 662 927 tabulas
683 861 865 955 impleuerit
885 860 1018 930 Hister.

144 974 277 1057 liberto,
301 971 423 1040 dederit
444 973 537 1040 uiuus
561 996 618 1040 cur
639 974 738 1041 mtdta
760 972 896 1065 puellae.

146 1087 239 1155 diues
262 1085 321 1153 erit
342 1106 458 1174 magno
482 1108 563 1176 quae
587 1085 702 1152 dormit
725 1087 817 1152 tertia
839 1085 941 1167 lecto;

145 1206 184 1266 tu
205 1195 289 1265 nube
310 1192 413 1286 adque
435 1202 522 1276 tace,
546 1195 665 1263 donant
687 1218 801 1263 arcana
823 1194 991 1286 cylindros.

147 1310 190 1377 de
212 1307 304 1375 nobis
326 1304 501 1398 posthaec
524 1308 619 1373 tristis
641 1308 796 1375 sententia
817 1304 939 1373 fertur?

148 1421 204 1488 dat
225 1418 353 1488 ueniam
375 1418 496 1499 eoruis,
519 1426 617 1483 uexat
639 1440 775 1485 censura
797 1413 1006 1485 columbas.'''
1115 1433 1120 1439 ·

235 1530 400 1623 Fugerunt
422 1527 537 1618 trepidi
559 1552 636 1596 uera
659 1552 696 1597 ac
718 1530 885 1597 manifesta
907 1540 1074 1599 canentem

148 1642 319 1722 stoicidae;
342 1639 416 1731 quid
439 1639 522 1706 enim
544 1638 614 1707 salsi
636 1636 797 1708 Laronia?
826 1640 882 1707 sed
900 1642 976 1735 quid

149 1778 216 1823 non
238 1753 355 1819 facient
376 1748 442 1831 alii,
467 1772 540 1817 cum
563 1759 598 1817 tu
619 1750 761 1819 multicia
781 1774 903 1834 sumas,

150 1866 295 1945 Cretico,
318 1870 351 1930 et
372 1860 454 1927 hanc
477 1870 601 1929 uestem
622 1862 741 1955 populo
764 1864 898 1930 mirante
919 1886 1051 1955 perores

148 1979 182 2047 in
203 1972 358 2043 Proculas
381 1978 413 2037 ct
434 1968 602 2039 Pollittas?
632 1981 681 2039 est
701 1972 837 2041 moecha
858 1973 884 2040 F
885 1971 1007 2056 abulla,

150 2089 334 2166 damnetur,
356 2082 383 2150 si
404 2083 468 2163 uis,
493 2083 588 2151 etiam
611 2080 763 2165 Carfinia,
785 2082 882 2151 talem

148 2222 216 2269 non
238 2204 343 2265 sumet
364 2194 512 2262 damnata
532 2203 649 2287 togam.
690 2188 773 2262 “sed
795 2192 890 2261 lulius
913 2194 1014 2277 ardet,

151 2302 294 2379 aestuo.''
331 2307 436 2375 nudus
459 2329 550 2399 agas,
571 2305 676 2372 minus
699 2314 748 2373 est
768 2306 889 2371 insania
911 2307 1021 2398 turpis.

149 2444 191 2489 en
213 2417 370 2500 habitum,
393 2441 456 2509 quo
479 2428 510 2485 te
532 2417 621 2509 leges
643 2439 681 2483 ac
702 2417 772 2484 iura
794 2417 950 2484 ferentem

148 2528 334 2599 uulneribus
356 2528 462 2595 crudis
483 2526 620 2620 populus
642 2526 739 2595 modo
760 2529 863 2595 uictor
886 2535 918 2595 et
939 2526 1016 2595 illud

149 2648 336 2709 montanum
357 2638 467 2731 positis
489 2635 611 2704 audiret
631 2637 747 2730 uulgus
770 2635 895 2705 aratris!

150 2752 227 2846 quid
248 2774 313 2819 non
335 2747 530 2843 proclames,
553 2748 585 2815 in
609 2769 743 2840 corpore
766 2748 877 2815 iudicis
899 2750 960 2817 ista

149 2866 177 2931 si
200 2859 331 2931 uideas?
361 2881 480 2953 quaero
503 2880 542 2925 an
566 2858 702 2926 deceant
722 2858 864 2927 multicia
885 2860 1024 2930 testem?

149 2997 225 3043 acer
247 2982 280 3040 et
300 2971 472 3041 indomitus
493 2968 711 3062 libertatisque
733 2971 898 3062 magister,

149 3084 293 3164 Cretiee,
314 3080 469 3176 perluces.
505 3079 591 3148 dedit
611 3079 693 3147 hanc
716 3081 864 3172 contagio
886 3079 992 3151 labem

149 3204 183 3263 et
205 3194 293 3264 dabit
311 3196 343 3261 in
365 3191 490 3285 plures,
513 3191 596 3258 sicut
618 3215 701 3284 grex
724 3198 811 3258 totus
833 3191 866 3259 in
888 3195 973 3285 agris

148 3308 242 3375 unius
263 3302 369 3372 scabie
392 3301 477 3371 cadit
499 3309 531 3368 et
552 3303 713 3395 porrigine
735 3303 840 3395 porci,
1216 3313 1260 3381 30'

150 3508 199 3566 55.
214 3500 480 3585 praegnantemP‘l
499 3500 546 3579 [of.
554 3506 654 3572 1‚122.
672 3504 820 3581 Vr‚405.].
891 3507 939 3563 56.
956 3510 1100 3568 Priscian.
1111 3514 1260 3585 V1‚11,os

149 3602 180 3661 p.
190 3587 256 3643 707.
281 3585 458 3658 V11,2,8p.
469 3584 536 3639 731.
633 3580 800 3658 Paenelope
820 3585 855 3639 P.
957 3588 1006 3644 57.
1027 3589 1134 3646 cortice
1154 3606 1181 3657 ς.

151 3660 256 3738 paelex
275 3664 310 3727 P,
330 3660 416 3739 pelex
435 3676 469 3715 ω.
555 3660 602 3715 60.
624 3659 680 3715 eris
699 3661 860 3717 —dormis
880 3660 999 3720 Pronus.
1086 3666 1189 3725 Tertia
1207 3665 1245 3728 Σ.

151 3741 198 3796 68.
219 3738 339 3795 Pollitae
358 3739 392 3804 P,
412 3734 547 3792 Polluces
567 3750 612 3810 ρς,
633 3734 779 3794 Polluicau
798 3736 1004 3796 reaPolliucas
1024 3759 1059 3812 ω,
1085 3742 1211 3801 Pollinas
1231 3764 1260 3817 o,

150 3815 296 3873 Pollenias
310 3817 344 3871 V.
356 3816 388 3871 S.
401 3811 473 3869 Beol·
484 3810 559 3869 olea.
570 3809 640 3887 patr.
654 3814 919 3875 taSartJuueafl
928 3815 1049 3890 (altorf.
1058 3823 1146 3891 1732)
1156 3826 1240 3899 pas.

151 3892 271 3951 moecha
289 3910 350 3968 pro:
371 3906 471 3947 moeca
490 3891 525 3945 P.
608 3886 731 3947 Fabulla
752 3894 792 3949 S:
812 3893 922 3949 *abolla
941 3896 977 3964 P,
999 3895 1121 3954 Labulla
1142 3918 1197 3973 pur.

152 3972 199 4029 66.
221 3968 380 4047 Carphinia
400 3982 430 4035 ς,
458 3964 596 4023 Carsania
620 3966 718 4023 Gaios.
733 3966 807 4025 obre.
823 3972 935 4039 XXVI,
948 3974 995 4029 38.
1110 3978 1158 4033 71.
1180 3977 1262 4036 insa.

152 4048 199 4103 nia
217 4049 284 4105 Pur:
305 4045 425 4103 infamia
444 4040 500 4110 Σς.
581 4042 693 4100 insania
712 4042 827 4123 turpis?
847 4048 985 4106 Heiaacle
1004 4053 1093 4110 caim.
1115 4071 1143 4130 p.
1156 4057 1202 4112 12.

151 4126 199 4183 76.
220 4122 323 4183 deceat
342 4125 395 4189 Ρς.
517 4123 565 4179 80.
613 4121 737 4197 orrigine
757 4140 819 4198 pto:
842 4126 984 4202 prarigine
1003 4129 1039 4196 P,
1065 4131 1213 4208 prurigine
1233 4149 1261 4203 ς,

153 4202 298 4280 prurigine
317 4217 335 4259 o
355 4196 417 4259 cod.
435 4201 520 4257 Poro.
532 4138 611 4273 epod
622 4201 783 4257 Bannonn.
795 4198 835 4258 od
845 4203 943 4261 Saron.
953 4205 1034 4263 Sum.
1046 4210 1093 4267 35.
