<?xml version="1.0" encoding="UTF-8"?>
<!DOCTYPE html PUBLIC "-//W3C//DTD XHTML 1.0 Transitional//EN"
    "http://www.w3.org/TR/xhtml1/DTD/xhtml1-transitional.dtd">
<html xmlns="http://www.w3.org/1999/xhtml" xml:lang="en" lang="en">
 <head>
  <title>
</title>
<meta http-equiv="Content-Type" content="text/html;charset=utf-8" />
  <meta name='ocr-system' content='tesseract 3.04.00' />
  <meta name='ocr-capabilities' content='ocr_page ocr_carea ocr_par ocr_line ocrx_word'/>
</head>
<body>
  <div class='ocr_page' id='page_1' title='image "./diuniiiuvenalis00jahngoog_0487.png"; bbox 0 0 3025 4859; ppageno 0'>
   <div class='ocr_carea' id='block_1_1' title="bbox 568 356 1245 434">
    <p class='ocr_par' dir='ltr' id='par_1_1' title="bbox 568 356 1245 434">
     <span class='ocr_line' id='line_1_1' title="bbox 568 356 1245 434; baseline 0.012 -8"><span class='ocrx_word' id='word_1_1' title='bbox 568 370 715 427; x_wconf 75' lang='lat' dir='ltr'><strong>sarran</strong></span> <span class='ocrx_word' id='word_1_2' title='bbox 734 374 805 427; x_wconf 87' lang='lat' dir='ltr'><strong>rnr.</strong></span> <span class='ocrx_word' id='word_1_3' title='bbox 1168 356 1245 434; x_wconf 75' lang='grc'><strong>290</strong></span> 
     </span>
    </p>
   </div>
   <div class='ocr_carea' id='block_1_2' title="bbox 116 541 1341 3618">
    <p class='ocr_par' dir='ltr' id='par_1_2' title="bbox 214 541 1024 634">
     <span class='ocr_line' id='line_1_2' title="bbox 214 541 1024 634; baseline -0.005 -23"><span class='ocrx_word' id='word_1_4' title='bbox 214 545 266 611; x_wconf 99' lang='grc'><strong>50.</strong></span> <span class='ocrx_word' id='word_1_5' title='bbox 289 564 455 610; x_wconf 79' lang='lat' dir='ltr'><strong>smouara</strong></span> <span class='ocrx_word' id='word_1_6' title='bbox 478 565 614 612; x_wconf 75' lang='lat' dir='ltr'><strong>sooner.</strong></span> <span class='ocrx_word' id='word_1_7' title='bbox 638 544 841 634; x_wconf 77' lang='lat' dir='ltr'><strong>quaestiones</strong></span> <span class='ocrx_word' id='word_1_8' title='bbox 863 541 1024 611; x_wconf 87' lang='lat' dir='ltr'><strong>obscuras.</strong></span> 
     </span>
    </p>

    <p class='ocr_par' dir='ltr' id='par_1_3' title="bbox 123 652 1242 965">
     <span class='ocr_line' id='line_1_3' title="bbox 212 652 1242 743; baseline -0.001 -21"><span class='ocrx_word' id='word_1_9' title='bbox 212 656 264 722; x_wconf 89' lang='grc'><strong>51.</strong></span> <span class='ocrx_word' id='word_1_10' title='bbox 287 677 342 722; x_wconf 86' lang='lat' dir='ltr'><strong>nro</strong></span> <span class='ocrx_word' id='word_1_11' title='bbox 365 676 463 720; x_wconf 84' lang='lat' dir='ltr'><strong>rsrrr</strong></span> <span class='ocrx_word' id='word_1_12' title='bbox 487 653 726 743; x_wconf 74' lang='lat' dir='ltr'><strong>[Evrnnarnnl.</strong></span> <span class='ocrx_word' id='word_1_13' title='bbox 749 656 781 721; x_wconf 90' lang='lat' dir='ltr'><strong>in</strong></span> <span class='ocrx_word' id='word_1_14' title='bbox 805 654 925 721; x_wconf 87' lang='lat' dir='ltr'><strong>oriente</strong></span> <span class='ocrx_word' id='word_1_15' title='bbox 945 652 1071 721; x_wconf 89' lang='lat' dir='ltr'><strong>fluuius.</strong></span> <span class='ocrx_word' id='word_1_16' title='bbox 1136 652 1167 719; x_wconf 90' lang='lat' dir='ltr'><strong>id</strong></span> <span class='ocrx_word' id='word_1_17' title='bbox 1183 662 1242 737; x_wconf 87' lang='lat' dir='ltr'><strong>est,</strong></span> 
     </span>
     <span class='ocr_line' id='line_1_4' title="bbox 126 760 1240 855; baseline -0.001 -23"><span class='ocrx_word' id='word_1_18' title='bbox 126 786 244 833; x_wconf 89' lang='lat' dir='ltr'><strong>nomen</strong></span> <span class='ocrx_word' id='word_1_19' title='bbox 266 762 396 831; x_wconf 84' lang='lat' dir='ltr'><strong>militiae</strong></span> <span class='ocrx_word' id='word_1_20' title='bbox 418 764 481 831; x_wconf 72' lang='lat' dir='ltr'><strong>dat.</strong></span> <span class='ocrx_word' id='word_1_21' title='bbox 568 761 706 833; x_wconf 78' lang='lat' dir='ltr'><strong>Varrvr.</strong></span> <span class='ocrx_word' id='word_1_22' title='bbox 730 787 809 855; x_wconf 85' lang='lat' dir='ltr'><strong>gens</strong></span> <span class='ocrx_word' id='word_1_23' title='bbox 826 763 1010 833; x_wconf 89' lang='lat' dir='ltr'><strong>Galliarum.</strong></span> <span class='ocrx_word' id='word_1_24' title='bbox 1032 760 1183 833; x_wconf 83' lang='lat' dir='ltr'><strong>Lucanus</strong></span> <span class='ocrx_word' id='word_1_25' title='bbox 1206 763 1240 855; x_wconf 93' lang='lat' dir='ltr'><strong>[l‚</strong></span> 
     </span>
     <span class='ocr_line' id='line_1_5' title="bbox 123 868 571 965; baseline -0.002 -22"><span class='ocrx_word' id='word_1_26' title='bbox 123 876 218 964; x_wconf 81' lang='lat' dir='ltr'><strong>43l]:</strong></span> <span class='ocrx_word' id='word_1_27' title='bbox 236 868 425 965; x_wconf 84' lang='lat' dir='ltr'><strong>‘uatubique</strong></span> <span class='ocrx_word' id='word_1_28' title='bbox 447 871 571 942; x_wconf 71' lang='lat' dir='ltr'><strong>truces?</strong></span> 
     </span>
    </p>

    <p class='ocr_par' dir='ltr' id='par_1_4' title="bbox 208 984 1277 1063">
     <span class='ocr_line' id='line_1_6' title="bbox 208 984 1277 1063; baseline 0.002 -12"><span class='ocrx_word' id='word_1_29' title='bbox 208 984 262 1052; x_wconf 82' lang='grc'><strong>52.</strong></span> <span class='ocrx_word' id='word_1_30' title='bbox 286 1007 449 1051; x_wconf 82' lang='lat' dir='ltr'><strong>cvsronss</strong></span> <span class='ocrx_word' id='word_1_31' title='bbox 472 1009 614 1063; x_wconf 78' lang='lat' dir='ltr'><strong>annuns.</strong></span> <span class='ocrx_word' id='word_1_32' title='bbox 639 1008 748 1054; x_wconf 86' lang='lat' dir='ltr'><strong>curam</strong></span> <span class='ocrx_word' id='word_1_33' title='bbox 771 986 909 1055; x_wconf 73' lang='lat' dir='ltr'>cohortis</span> <span class='ocrx_word' id='word_1_34' title='bbox 931 988 1036 1054; x_wconf 89' lang='lat' dir='ltr'><strong>sumit.</strong></span> <span class='ocrx_word' id='word_1_35' title='bbox 1264 1002 1277 1044; x_wconf 88' lang='lat'>⁵</span> 
     </span>
    </p>

    <p class='ocr_par' dir='ltr' id='par_1_5' title="bbox 121 1083 1275 1715">
     <span class='ocr_line' id='line_1_7' title="bbox 213 1083 1201 1189; baseline 0.002 -28"><span class='ocrx_word' id='word_1_36' title='bbox 213 1094 263 1161; x_wconf 86' lang='lat'><strong>53.</strong></span> <span class='ocrx_word' id='word_1_37' title='bbox 287 1117 340 1162; x_wconf 75' lang='lat' dir='ltr'><strong>nn.</strong></span> <span class='ocrx_word' id='word_1_38' title='bbox 364 1118 424 1162; x_wconf 86' lang='lat' dir='ltr'><strong>srsr</strong></span> <span class='ocrx_word' id='word_1_39' title='bbox 446 1120 475 1164; x_wconf 89' lang='lat' dir='ltr'><strong>c.</strong></span> <span class='ocrx_word' id='word_1_40' title='bbox 498 1121 527 1164; x_wconf 87' lang='lat' dir='ltr'><strong>r.</strong></span> <span class='ocrx_word' id='word_1_41' title='bbox 552 1098 642 1189; x_wconf 81' lang='lat' dir='ltr'>quasi</span> <span class='ocrx_word' id='word_1_42' title='bbox 663 1095 854 1178; x_wconf 82' lang='lat' dir='ltr'><strong>Alcibiades,</strong></span> <span class='ocrx_word' id='word_1_43' title='bbox 874 1083 1001 1164; x_wconf 85' lang='lat' dir='ltr'><strong>infamis</strong></span> <span class='ocrx_word' id='word_1_44' title='bbox 1024 1105 1058 1163; x_wconf 88' lang='lat' dir='ltr'><strong>et</strong></span> <span class='ocrx_word' id='word_1_45' title='bbox 1078 1095 1201 1165; x_wconf 89' lang='lat' dir='ltr'><strong>nobilis.</strong></span> 
     </span>
     <span class='ocr_line' id='line_1_8' title="bbox 125 1206 1238 1299; baseline 0.004 -27"><span class='ocrx_word' id='word_1_46' title='bbox 125 1227 312 1273; x_wconf 82' lang='lat' dir='ltr'><strong>srnmnrnvs</strong></span> <span class='ocrx_word' id='word_1_47' title='bbox 335 1206 464 1274; x_wconf 76' lang='lat' dir='ltr'><strong>Hunno.</strong></span> <span class='ocrx_word' id='word_1_48' title='bbox 499 1206 621 1299; x_wconf 81' lang='lat' dir='ltr'><strong>effigies</strong></span> <span class='ocrx_word' id='word_1_49' title='bbox 641 1230 761 1275; x_wconf 84' lang='lat' dir='ltr'><strong>aeneae</strong></span> <span class='ocrx_word' id='word_1_50' title='bbox 784 1216 838 1275; x_wconf 89' lang='lat' dir='ltr'><strong>aut</strong></span> <span class='ocrx_word' id='word_1_51' title='bbox 859 1230 1058 1275; x_wconf 83' lang='lat' dir='ltr'><strong>marmoreae</strong></span> <span class='ocrx_word' id='word_1_52' title='bbox 1080 1208 1148 1275; x_wconf 88' lang='lat' dir='ltr'><strong>siue</strong></span> <span class='ocrx_word' id='word_1_53' title='bbox 1169 1234 1238 1276; x_wconf 89' lang='lat' dir='ltr'><strong>ma·</strong></span> 
     </span>
     <span class='ocr_line' id='line_1_9' title="bbox 124 1314 1237 1408; baseline 0.004 -24"><span class='ocrx_word' id='word_1_54' title='bbox 124 1314 234 1399; x_wconf 87' lang='lat' dir='ltr'><strong>nibus,</strong></span> <span class='ocrx_word' id='word_1_55' title='bbox 263 1317 373 1408; x_wconf 87' lang='lat' dir='ltr'><strong>quales</strong></span> <span class='ocrx_word' id='word_1_56' title='bbox 403 1318 550 1385; x_wconf 90' lang='lat' dir='ltr'><strong>uidemus</strong></span> <span class='ocrx_word' id='word_1_57' title='bbox 577 1318 609 1383; x_wconf 92' lang='lat' dir='ltr'><strong>in</strong></span> <span class='ocrx_word' id='word_1_58' title='bbox 638 1319 735 1385; x_wconf 87' lang='lat' dir='ltr'><strong>circo.</strong></span> <span class='ocrx_word' id='word_1_59' title='bbox 771 1318 897 1385; x_wconf 91' lang='lat' dir='ltr'><strong>hermas</strong></span> <span class='ocrx_word' id='word_1_60' title='bbox 926 1316 1136 1385; x_wconf 81' lang='lat' dir='ltr'><strong>Athenienses</strong></span> <span class='ocrx_word' id='word_1_61' title='bbox 1163 1329 1237 1388; x_wconf 78' lang='lat' dir='ltr'><strong>ante</strong></span> 
     </span>
     <span class='ocr_line' id='line_1_10' title="bbox 121 1426 1235 1519; baseline 0.004 -26"><span class='ocrx_word' id='word_1_62' title='bbox 121 1427 235 1494; x_wconf 87' lang='lat' dir='ltr'><strong>ianuas</strong></span> <span class='ocrx_word' id='word_1_63' title='bbox 257 1450 315 1518; x_wconf 93' lang='lat' dir='ltr'><strong>pro</strong></span> <span class='ocrx_word' id='word_1_64' title='bbox 337 1426 491 1519; x_wconf 74' lang='lat' dir='ltr'><strong>religione</strong></span> <span class='ocrx_word' id='word_1_65' title='bbox 513 1428 634 1517; x_wconf 91' lang='lat' dir='ltr'><strong>positos</strong></span> <span class='ocrx_word' id='word_1_66' title='bbox 656 1426 806 1497; x_wconf 83' lang='lat' dir='ltr'><strong>habuere.</strong></span> <span class='ocrx_word' id='word_1_67' title='bbox 929 1430 999 1513; x_wconf 84' lang='lat'><strong>(55.</strong></span> <span class='ocrx_word' id='word_1_68' title='bbox 1022 1452 1086 1495; x_wconf 77' lang='lat' dir='ltr'><strong>nur</strong></span> <span class='ocrx_word' id='word_1_69' title='bbox 1108 1453 1235 1497; x_wconf 83' lang='lat' dir='ltr'><strong>nanno·</strong></span> 
     </span>
     <span class='ocr_line' id='line_1_11' title="bbox 123 1538 1275 1632; baseline 0.001 -27"><span class='ocrx_word' id='word_1_70' title='bbox 123 1542 236 1624; x_wconf 83' lang='lat' dir='ltr'><strong>nuvn).</strong></span> <span class='ocrx_word' id='word_1_71' title='bbox 273 1538 328 1607; x_wconf 81' lang='grc'><strong>64.</strong></span> <span class='ocrx_word' id='word_1_72' title='bbox 352 1540 480 1627; x_wconf 74' lang='lat' dir='ltr'><strong>[nunno.</strong></span> <span class='ocrx_word' id='word_1_73' title='bbox 504 1540 712 1628; x_wconf 75' lang='lat' dir='ltr'><strong>orscnnnnul.</strong></span> <span class='ocrx_word' id='word_1_74' title='bbox 735 1541 766 1607; x_wconf 88' lang='lat' dir='ltr'><strong>in</strong></span> <span class='ocrx_word' id='word_1_75' title='bbox 789 1538 851 1607; x_wconf 90' lang='lat' dir='ltr'><strong>hoe</strong></span> <span class='ocrx_word' id='word_1_76' title='bbox 874 1540 969 1632; x_wconf 82' lang='lat' dir='ltr'><strong>igitur</strong></span> <span class='ocrx_word' id='word_1_77' title='bbox 992 1547 1115 1607; x_wconf 86' lang='lat' dir='ltr'><strong>tantum</strong></span> <span class='ocrx_word' id='word_1_78' title='bbox 1138 1539 1235 1607; x_wconf 86' lang='lat' dir='ltr'><strong>distas</strong></span> <span class='ocrx_word' id='word_1_79' title='bbox 1250 1552 1275 1593; x_wconf 87' lang='lat'><strong>¹⁰</strong></span> 
     </span>
     <span class='ocr_line' id='line_1_12' title="bbox 121 1646 345 1715; baseline 0 0"><span class='ocrx_word' id='word_1_80' title='bbox 121 1648 162 1715; x_wconf 91' lang='lat' dir='ltr'><strong>ab</strong></span> <span class='ocrx_word' id='word_1_81' title='bbox 185 1646 345 1715; x_wconf 86' lang='lat' dir='ltr'><strong>hermulis.</strong></span> 
     </span>
    </p>

    <p class='ocr_par' dir='ltr' id='par_1_6' title="bbox 121 1758 1236 1965">
     <span class='ocr_line' id='line_1_13' title="bbox 208 1758 1236 1838; baseline 0.005 -13"><span class='ocrx_word' id='word_1_82' title='bbox 208 1760 258 1825; x_wconf 85' lang='lat'><strong>57.</strong></span> <span class='ocrx_word' id='word_1_83' title='bbox 296 1784 366 1838; x_wconf 73' lang='lat' dir='ltr'><strong>ers</strong></span> <span class='ocrx_word' id='word_1_84' title='bbox 390 1784 544 1830; x_wconf 81' lang='lat' dir='ltr'><strong>nunsnos.</strong></span> <span class='ocrx_word' id='word_1_85' title='bbox 582 1761 613 1828; x_wconf 89' lang='lat' dir='ltr'><strong>id</strong></span> <span class='ocrx_word' id='word_1_86' title='bbox 647 1770 696 1826; x_wconf 90' lang='lat' dir='ltr'><strong>est</strong></span> <span class='ocrx_word' id='word_1_87' title='bbox 725 1761 821 1827; x_wconf 91' lang='lat' dir='ltr'><strong>etiam</strong></span> <span class='ocrx_word' id='word_1_88' title='bbox 851 1762 881 1827; x_wconf 91' lang='lat' dir='ltr'><strong>in</strong></span> <span class='ocrx_word' id='word_1_89' title='bbox 915 1758 1103 1829; x_wconf 82' lang='lat' dir='ltr'><strong>animalibus</strong></span> <span class='ocrx_word' id='word_1_90' title='bbox 1134 1762 1236 1832; x_wconf 89' lang='lat' dir='ltr'><strong>uirtus</strong></span> 
     </span>
     <span class='ocr_line' id='line_1_14' title="bbox 121 1871 943 1965; baseline -0.002 -26"><span class='ocrx_word' id='word_1_91' title='bbox 121 1873 294 1965; x_wconf 88' lang='lat' dir='ltr'><strong>quaeritur,</strong></span> <span class='ocrx_word' id='word_1_92' title='bbox 314 1895 380 1941; x_wconf 87' lang='lat' dir='ltr'><strong>uon</strong></span> <span class='ocrx_word' id='word_1_93' title='bbox 402 1897 513 1965; x_wconf 84' lang='lat' dir='ltr'><strong>genus.</strong></span> <span class='ocrx_word' id='word_1_94' title='bbox 603 1893 763 1938; x_wconf 83' lang='lat' dir='ltr'><strong>vonvcns.</strong></span> <span class='ocrx_word' id='word_1_95' title='bbox 788 1871 943 1939; x_wconf 89' lang='lat' dir='ltr'><strong>ueloeem.</strong></span> 
     </span>
    </p>

    <p class='ocr_par' dir='ltr' id='par_1_7' title="bbox 122 1983 1272 2186">
     <span class='ocr_line' id='line_1_15' title="bbox 205 1983 1235 2073; baseline 0.007 -24"><span class='ocrx_word' id='word_1_96' title='bbox 205 1983 256 2049; x_wconf 82' lang='lat'><strong>59.</strong></span> <span class='ocrx_word' id='word_1_97' title='bbox 280 2007 433 2051; x_wconf 77' lang='lat' dir='ltr'><strong>vrcronrn</strong></span> <span class='ocrx_word' id='word_1_98' title='bbox 457 2007 562 2053; x_wconf 80' lang='lat' dir='ltr'><strong>amco.</strong></span> <span class='ocrx_word' id='word_1_99' title='bbox 591 1983 624 2050; x_wconf 92' lang='lat' dir='ltr'><strong>id</strong></span> <span class='ocrx_word' id='word_1_100' title='bbox 646 1990 703 2064; x_wconf 87' lang='lat' dir='ltr'><strong>est,</strong></span> <span class='ocrx_word' id='word_1_101' title='bbox 726 1984 780 2073; x_wconf 90' lang='lat' dir='ltr'><strong>qui</strong></span> <span class='ocrx_word' id='word_1_102' title='bbox 802 1986 985 2073; x_wconf 80' lang='lat' dir='ltr'><strong>frequenter</strong></span> <span class='ocrx_word' id='word_1_103' title='bbox 1008 1984 1106 2054; x_wconf 86' lang='lat' dir='ltr'><strong>uincit</strong></span> <span class='ocrx_word' id='word_1_104' title='bbox 1126 1995 1182 2055; x_wconf 87' lang='lat' dir='ltr'><strong>aut</strong></span> <span class='ocrx_word' id='word_1_105' title='bbox 1203 1987 1235 2056; x_wconf 91' lang='lat' dir='ltr'><strong>in</strong></span> 
     </span>
     <span class='ocr_line' id='line_1_16' title="bbox 122 2092 1272 2186; baseline -0.005 -25"><span class='ocrx_word' id='word_1_106' title='bbox 122 2093 218 2173; x_wconf 84' lang='lat' dir='ltr'><strong>circo,</strong></span> <span class='ocrx_word' id='word_1_107' title='bbox 240 2102 295 2160; x_wconf 88' lang='lat' dir='ltr'><strong>ant</strong></span> <span class='ocrx_word' id='word_1_108' title='bbox 316 2095 348 2162; x_wconf 90' lang='lat' dir='ltr'><strong>in</strong></span> <span class='ocrx_word' id='word_1_109' title='bbox 370 2117 495 2185; x_wconf 86' lang='lat' dir='ltr'><strong>campo,</strong></span> <span class='ocrx_word' id='word_1_110' title='bbox 517 2093 644 2186; x_wconf 88' lang='lat' dir='ltr'><strong>quando</strong></span> <span class='ocrx_word' id='word_1_111' title='bbox 666 2092 786 2161; x_wconf 91' lang='lat' dir='ltr'><strong>bellum</strong></span> <span class='ocrx_word' id='word_1_112' title='bbox 810 2102 867 2161; x_wconf 91' lang='lat' dir='ltr'><strong>est.</strong></span> <span class='ocrx_word' id='word_1_113' title='bbox 1246 2112 1272 2155; x_wconf 69' lang='grc' dir='ltr'><strong>ιε</strong></span> 
     </span>
    </p>

    <p class='ocr_par' dir='ltr' id='par_1_8' title="bbox 120 2204 1234 2408">
     <span class='ocr_line' id='line_1_17' title="bbox 206 2204 1234 2301; baseline 0.007 -30"><span class='ocrx_word' id='word_1_114' title='bbox 206 2206 257 2271; x_wconf 95' lang='grc'><strong>60.</strong></span> <span class='ocrx_word' id='word_1_115' title='bbox 279 2227 403 2273; x_wconf 80' lang='lat' dir='ltr'><strong>nomme</strong></span> <span class='ocrx_word' id='word_1_116' title='bbox 425 2229 481 2273; x_wconf 87' lang='lat' dir='ltr'><strong>nrc</strong></span> <span class='ocrx_word' id='word_1_117' title='bbox 504 2229 711 2283; x_wconf 84' lang='lat' dir='ltr'><strong>ovocvnovs.</strong></span> <span class='ocrx_word' id='word_1_118' title='bbox 733 2204 763 2271; x_wconf 91' lang='lat' dir='ltr'><strong>id</strong></span> <span class='ocrx_word' id='word_1_119' title='bbox 781 2214 830 2273; x_wconf 88' lang='lat' dir='ltr'><strong>est</strong></span> <span class='ocrx_word' id='word_1_120' title='bbox 850 2204 904 2273; x_wconf 89' lang='lat' dir='ltr'><strong>ille</strong></span> <span class='ocrx_word' id='word_1_121' title='bbox 926 2214 974 2273; x_wconf 87' lang='lat' dir='ltr'><strong>est</strong></span> <span class='ocrx_word' id='word_1_122' title='bbox 996 2205 1110 2275; x_wconf 89' lang='lat' dir='ltr'><strong>nobilis</strong></span> <span class='ocrx_word' id='word_1_123' title='bbox 1132 2232 1234 2301; x_wconf 90' lang='lat' dir='ltr'><strong>equus</strong></span> 
     </span>
     <span class='ocr_line' id='line_1_18' title="bbox 120 2316 1090 2408; baseline 0.002 -27"><span class='ocrx_word' id='word_1_124' title='bbox 120 2316 174 2407; x_wconf 87' lang='lat' dir='ltr'><strong>qui</strong></span> <span class='ocrx_word' id='word_1_125' title='bbox 197 2339 326 2406; x_wconf 89' lang='lat' dir='ltr'><strong>semper</strong></span> <span class='ocrx_word' id='word_1_126' title='bbox 346 2317 510 2408; x_wconf 89' lang='lat' dir='ltr'><strong>praecedit</strong></span> <span class='ocrx_word' id='word_1_127' title='bbox 531 2316 620 2397; x_wconf 86' lang='lat' dir='ltr'><strong>alios,</strong></span> <span class='ocrx_word' id='word_1_128' title='bbox 642 2317 682 2383; x_wconf 91' lang='lat' dir='ltr'><strong>de</strong></span> <span class='ocrx_word' id='word_1_129' title='bbox 705 2339 769 2408; x_wconf 92' lang='lat' dir='ltr'><strong>quo</strong></span> <span class='ocrx_word' id='word_1_130' title='bbox 792 2318 916 2383; x_wconf 86' lang='lat' dir='ltr'><strong>uenerit</strong></span> <span class='ocrx_word' id='word_1_131' title='bbox 938 2326 1090 2383; x_wconf 87' lang='lat' dir='ltr'><strong>armento.</strong></span> 
     </span>
    </p>

    <p class='ocr_par' dir='ltr' id='par_1_9' title="bbox 117 2426 1233 2629">
     <span class='ocr_line' id='line_1_19' title="bbox 206 2426 1233 2519; baseline 0.006 -28"><span class='ocrx_word' id='word_1_132' title='bbox 206 2427 258 2496; x_wconf 87' lang='grc'><strong>62.</strong></span> <span class='ocrx_word' id='word_1_133' title='bbox 292 2448 352 2493; x_wconf 84' lang='lat' dir='ltr'><strong>sen</strong></span> <span class='ocrx_word' id='word_1_134' title='bbox 374 2448 499 2496; x_wconf 79' lang='lat' dir='ltr'><strong>venans</strong></span> <span class='ocrx_word' id='word_1_135' title='bbox 522 2452 552 2495; x_wconf 82' lang='lat' dir='ltr'><strong>e.</strong></span> <span class='ocrx_word' id='word_1_136' title='bbox 577 2451 606 2495; x_wconf 91' lang='lat' dir='ltr'><strong>c.</strong></span> <span class='ocrx_word' id='word_1_137' title='bbox 645 2426 876 2517; x_wconf 85' lang='lat' dir='ltr'><strong>Coryleorum,</strong></span> <span class='ocrx_word' id='word_1_138' title='bbox 897 2426 929 2493; x_wconf 93' lang='lat' dir='ltr'><strong>id</strong></span> <span class='ocrx_word' id='word_1_139' title='bbox 953 2434 1021 2507; x_wconf 86' lang='lat' dir='ltr'><strong>est,</strong></span> <span class='ocrx_word' id='word_1_140' title='bbox 1044 2450 1180 2519; x_wconf 88' lang='lat' dir='ltr'><strong>quornm</strong></span> <span class='ocrx_word' id='word_1_141' title='bbox 1202 2428 1233 2498; x_wconf 90' lang='lat' dir='ltr'><strong>in</strong></span> 
     </span>
     <span class='ocr_line' id='line_1_20' title="bbox 117 2534 621 2629; baseline -0.002 -24"><span class='ocrx_word' id='word_1_142' title='bbox 117 2534 239 2607; x_wconf 81' lang='lat' dir='ltr'><strong>Achaia</strong></span> <span class='ocrx_word' id='word_1_143' title='bbox 261 2537 363 2629; x_wconf 90' lang='lat' dir='ltr'><strong>prima</strong></span> <span class='ocrx_word' id='word_1_144' title='bbox 385 2537 532 2606; x_wconf 79' lang='lat' dir='ltr'><strong>nobilitas</strong></span> <span class='ocrx_word' id='word_1_145' title='bbox 555 2540 621 2605; x_wconf 85' lang='lat' dir='ltr'><strong>luit.</strong></span> 
     </span>
    </p>

    <p class='ocr_par' dir='ltr' id='par_1_10' title="bbox 119 2646 1273 2851">
     <span class='ocr_line' id='line_1_21' title="bbox 206 2646 1273 2743; baseline 0.004 -29"><span class='ocrx_word' id='word_1_146' title='bbox 206 2647 257 2714; x_wconf 88' lang='grc'><strong>63.</strong></span> <span class='ocrx_word' id='word_1_147' title='bbox 279 2646 420 2715; x_wconf 81' lang='lat' dir='ltr'><strong>Hrnrnn.</strong></span> <span class='ocrx_word' id='word_1_148' title='bbox 451 2650 483 2716; x_wconf 93' lang='lat' dir='ltr'><strong>in</strong></span> <span class='ocrx_word' id='word_1_149' title='bbox 505 2650 615 2718; x_wconf 89' lang='lat' dir='ltr'><strong>inuitio</strong></span> <span class='ocrx_word' id='word_1_150' title='bbox 638 2648 775 2717; x_wconf 88' lang='lat' dir='ltr'><strong>Sabinis.</strong></span> <span class='ocrx_word' id='word_1_151' title='bbox 797 2648 962 2743; x_wconf 89' lang='lat' dir='ltr'><strong>Hyrpinus</strong></span> <span class='ocrx_word' id='word_1_152' title='bbox 983 2672 1075 2719; x_wconf 90' lang='lat' dir='ltr'><strong>mons</strong></span> <span class='ocrx_word' id='word_1_153' title='bbox 1098 2658 1155 2731; x_wconf 68' lang='lat' dir='ltr'><strong>est„</strong></span> <span class='ocrx_word' id='word_1_154' title='bbox 1178 2648 1232 2718; x_wconf 90' lang='lat' dir='ltr'><strong>ubi</strong></span> <span class='ocrx_word' id='word_1_155' title='bbox 1245 2668 1273 2710; x_wconf 81' lang='lat'><strong>²0</strong></span> 
     </span>
     <span class='ocr_line' id='line_1_22' title="bbox 119 2758 530 2851; baseline 0 -26"><span class='ocrx_word' id='word_1_156' title='bbox 119 2758 233 2851; x_wconf 88' lang='lat' dir='ltr'><strong>optimi</strong></span> <span class='ocrx_word' id='word_1_157' title='bbox 253 2758 328 2849; x_wconf 88' lang='lat' dir='ltr'><strong>equi</strong></span> <span class='ocrx_word' id='word_1_158' title='bbox 349 2769 530 2827; x_wconf 89' lang='lat' dir='ltr'><strong>naseuntur.</strong></span> 
     </span>
    </p>

    <p class='ocr_par' dir='ltr' id='par_1_11' title="bbox 204 2870 989 2942">
     <span class='ocr_line' id='line_1_23' title="bbox 204 2870 989 2942; baseline 0.009 -8"><span class='ocrx_word' id='word_1_159' title='bbox 204 2870 255 2935; x_wconf 87' lang='grc'><strong>64.</strong></span> <span class='ocrx_word' id='word_1_160' title='bbox 278 2891 330 2935; x_wconf 85' lang='lat' dir='ltr'><strong>nn.</strong></span> <span class='ocrx_word' id='word_1_161' title='bbox 353 2893 396 2937; x_wconf 82' lang='lat' dir='ltr'><strong>nu</strong></span> <span class='ocrx_word' id='word_1_162' title='bbox 420 2894 576 2938; x_wconf 83' lang='lat' dir='ltr'><strong>naronrn.</strong></span> <span class='ocrx_word' id='word_1_163' title='bbox 600 2872 757 2941; x_wconf 91' lang='lat' dir='ltr'><strong>maiorum</strong></span> <span class='ocrx_word' id='word_1_164' title='bbox 780 2882 989 2942; x_wconf 87' lang='lat' dir='ltr'><strong>mortuorum.</strong></span> 
     </span>
    </p>

    <p class='ocr_par' dir='ltr' id='par_1_12' title="bbox 116 2980 1269 3292">
     <span class='ocr_line' id='line_1_24' title="bbox 205 2980 1195 3076; baseline 0.004 -31"><span class='ocrx_word' id='word_1_165' title='bbox 205 2980 256 3045; x_wconf 88' lang='grc'><strong>65.</strong></span> <span class='ocrx_word' id='word_1_166' title='bbox 279 3004 468 3048; x_wconf 78' lang='lat' dir='ltr'><strong>vnonnnvn.</strong></span> <span class='ocrx_word' id='word_1_167' title='bbox 491 3005 555 3049; x_wconf 91' lang='lat' dir='ltr'><strong>nou</strong></span> <span class='ocrx_word' id='word_1_168' title='bbox 570 2982 759 3065; x_wconf 89' lang='lat' dir='ltr'><strong>adtenditur,</strong></span> <span class='ocrx_word' id='word_1_169' title='bbox 782 2984 909 3076; x_wconf 89' lang='lat' dir='ltr'><strong>dequo</strong></span> <span class='ocrx_word' id='word_1_170' title='bbox 933 2991 1075 3053; x_wconf 88' lang='lat' dir='ltr'><strong>armento</strong></span> <span class='ocrx_word' id='word_1_171' title='bbox 1099 2984 1195 3051; x_wconf 89' lang='lat' dir='ltr'><strong>uenit.</strong></span> 
     </span>
     <span class='ocr_line' id='line_1_25' title="bbox 116 3090 1230 3189; baseline 0.003 -30"><span class='ocrx_word' id='word_1_172' title='bbox 116 3090 194 3159; x_wconf 93' lang='lat' dir='ltr'><strong>nihil</strong></span> <span class='ocrx_word' id='word_1_173' title='bbox 217 3100 379 3182; x_wconf 84' lang='lat' dir='ltr'><strong>praestant</strong></span> <span class='ocrx_word' id='word_1_174' title='bbox 400 3102 556 3184; x_wconf 89' lang='lat' dir='ltr'><strong>parentes,</strong></span> <span class='ocrx_word' id='word_1_175' title='bbox 580 3095 632 3184; x_wconf 90' lang='lat' dir='ltr'><strong>qui</strong></span> <span class='ocrx_word' id='word_1_176' title='bbox 654 3096 746 3184; x_wconf 91' lang='lat' dir='ltr'><strong>quasi</strong></span> <span class='ocrx_word' id='word_1_177' title='bbox 769 3095 914 3162; x_wconf 87' lang='lat' dir='ltr'><strong>umbram</strong></span> <span class='ocrx_word' id='word_1_178' title='bbox 937 3096 1097 3189; x_wconf 90' lang='lat' dir='ltr'><strong>quandam</strong></span> <span class='ocrx_word' id='word_1_179' title='bbox 1119 3093 1230 3163; x_wconf 88' lang='lat' dir='ltr'><strong>uiden-</strong></span> 
     </span>
     <span class='ocr_line' id='line_1_26' title="bbox 117 3192 1269 3292; baseline 0.006 -25"><span class='ocrx_word' id='word_1_180' title='bbox 117 3210 168 3269; x_wconf 88' lang='lat' dir='ltr'><strong>tur</strong></span> <span class='ocrx_word' id='word_1_181' title='bbox 190 3199 355 3292; x_wconf 89' lang='lat' dir='ltr'><strong>praebere.</strong></span> <span class='ocrx_word' id='word_1_182' title='bbox 443 3228 616 3271; x_wconf 84' lang='lat' dir='ltr'><strong>rvsunrvn.</strong></span> <span class='ocrx_word' id='word_1_183' title='bbox 641 3204 865 3272; x_wconf 89' lang='lat' dir='ltr'><strong>distrahuntur.</strong></span> <span class='ocrx_word' id='word_1_184' title='bbox 1185 3192 1192 3207; x_wconf 59' lang='lat'>⁸</span> <span class='ocrx_word' id='word_1_185' title='bbox 1243 3222 1269 3263; x_wconf 84' lang='lat'><strong>²⁵</strong></span> 
     </span>
    </p>

    <p class='ocr_par' dir='ltr' id='par_1_13' title="bbox 203 3313 1229 3408">
     <span class='ocr_line' id='line_1_27' title="bbox 203 3313 1229 3408; baseline 0.006 -31"><span class='ocrx_word' id='word_1_186' title='bbox 203 3313 254 3379; x_wconf 91' lang='grc'><strong>66.</strong></span> <span class='ocrx_word' id='word_1_187' title='bbox 277 3336 452 3381; x_wconf 73' lang='lat' dir='ltr'><strong>namneum</strong></span> <span class='ocrx_word' id='word_1_188' title='bbox 476 3337 589 3383; x_wconf 75' lang='lat' dir='ltr'><strong>couno.</strong></span> <span class='ocrx_word' id='word_1_189' title='bbox 613 3325 798 3383; x_wconf 87' lang='lat' dir='ltr'><strong>ornamenta</strong></span> <span class='ocrx_word' id='word_1_190' title='bbox 820 3316 978 3384; x_wconf 87' lang='lat' dir='ltr'><strong>redarum.</strong></span> <span class='ocrx_word' id='word_1_191' title='bbox 1002 3324 1057 3385; x_wconf 87' lang='lat' dir='ltr'><strong>ant</strong></span> <span class='ocrx_word' id='word_1_192' title='bbox 1079 3315 1229 3408; x_wconf 88' lang='lat' dir='ltr'><strong>plaustra.</strong></span> 
     </span>
    </p>

    <p class='ocr_par' dir='ltr' id='par_1_14' title="bbox 203 3424 1341 3518">
     <span class='ocr_line' id='line_1_28' title="bbox 203 3424 1341 3518; baseline 0.006 -30"><span class='ocrx_word' id='word_1_193' title='bbox 203 3424 253 3488; x_wconf 89' lang='grc'><strong>67.</strong></span> <span class='ocrx_word' id='word_1_194' title='bbox 277 3446 379 3490; x_wconf 82' lang='lat' dir='ltr'><strong>suom.</strong></span> <span class='ocrx_word' id='word_1_195' title='bbox 402 3427 507 3517; x_wconf 81' lang='lat' dir='ltr'><strong>pigri..</strong></span> <span class='ocrx_word' id='word_1_196' title='bbox 581 3448 734 3503; x_wconf 78' lang='lat' dir='ltr'><strong>promove</strong></span> <span class='ocrx_word' id='word_1_197' title='bbox 749 3450 869 3494; x_wconf 78' lang='lat' dir='ltr'><strong>nonan.</strong></span> <span class='ocrx_word' id='word_1_198' title='bbox 894 3424 1014 3493; x_wconf 88' lang='lat' dir='ltr'><strong>molere</strong></span> <span class='ocrx_word' id='word_1_199' title='bbox 1036 3427 1067 3493; x_wconf 90' lang='lat' dir='ltr'><strong>in</strong></span> <span class='ocrx_word' id='word_1_200' title='bbox 1089 3427 1229 3518; x_wconf 87' lang='lat' dir='ltr'><strong>pistrino.</strong></span> <span class='ocrx_word' id='word_1_201' title='bbox 1333 3444 1341 3457; x_wconf 91' lang='grc'><em>·</em></span> 
     </span>
    </p>

    <p class='ocr_par' dir='ltr' id='par_1_15' title="bbox 203 3534 1112 3618">
     <span class='ocr_line' id='line_1_29' title="bbox 203 3534 1112 3618; baseline 0.006 -18"><span class='ocrx_word' id='word_1_202' title='bbox 203 3534 254 3600; x_wconf 91' lang='grc'><strong>68.</strong></span> <span class='ocrx_word' id='word_1_203' title='bbox 278 3557 363 3602; x_wconf 83' lang='lat' dir='ltr'><strong>enno</strong></span> <span class='ocrx_word' id='word_1_204' title='bbox 385 3559 428 3602; x_wconf 85' lang='lat' dir='ltr'><strong>rr</strong></span> <span class='ocrx_word' id='word_1_205' title='bbox 451 3559 484 3601; x_wconf 83' lang='lat' dir='ltr'><strong>rr.</strong></span> <span class='ocrx_word' id='word_1_206' title='bbox 508 3558 539 3603; x_wconf 83' lang='lat' dir='ltr'><strong>n.</strong></span> <span class='ocrx_word' id='word_1_207' title='bbox 562 3545 597 3604; x_wconf 90' lang='lat' dir='ltr'><strong>nt</strong></span> <span class='ocrx_word' id='word_1_208' title='bbox 620 3538 771 3603; x_wconf 89' lang='lat' dir='ltr'><strong>miremur</strong></span> <span class='ocrx_word' id='word_1_209' title='bbox 794 3539 878 3605; x_wconf 85' lang='lat' dir='ltr'><strong>laeta</strong></span> <span class='ocrx_word' id='word_1_210' title='bbox 897 3545 961 3618; x_wconf 89' lang='lat' dir='ltr'><strong>tua,</strong></span> <span class='ocrx_word' id='word_1_211' title='bbox 984 3560 1048 3607; x_wconf 89' lang='lat' dir='ltr'><strong>non</strong></span> <span class='ocrx_word' id='word_1_212' title='bbox 1072 3546 1112 3606; x_wconf 87' lang='lat' dir='ltr'><strong>te.</strong></span> 
     </span>
    </p>
   </div>
   <div class='ocr_carea' id='block_1_3' title="bbox 117 3834 1232 4298">
    <p class='ocr_par' dir='ltr' id='par_1_16' title="bbox 117 3834 1232 4298">
     <span class='ocr_line' id='line_1_30' title="bbox 118 3834 1231 3915; baseline 0.004 -23"><span class='ocrx_word' id='word_1_213' title='bbox 118 3838 149 3892; x_wconf 84' lang='grc'><strong>4.</strong></span> <span class='ocrx_word' id='word_1_214' title='bbox 169 3834 335 3910; x_wconf 83' lang='lat' dir='ltr'><strong>Batauique</strong></span> <span class='ocrx_word' id='word_1_215' title='bbox 356 3837 503 3892; x_wconf 80' lang='lat' dir='ltr'><strong>Lucanus.</strong></span> <span class='ocrx_word' id='word_1_216' title='bbox 613 3842 657 3895; x_wconf 87' lang='grc'><strong>10.</strong></span> <span class='ocrx_word' id='word_1_217' title='bbox 679 3837 708 3894; x_wconf 92' lang='lat' dir='ltr'><strong>in</strong></span> <span class='ocrx_word' id='word_1_218' title='bbox 729 3836 799 3907; x_wconf 88' lang='lat' dir='ltr'><strong>boc,</strong></span> <span class='ocrx_word' id='word_1_219' title='bbox 820 3839 911 3915; x_wconf 86' lang='lat' dir='ltr'><strong>inquit</strong></span> <span class='ocrx_word' id='word_1_220' title='bbox 931 3860 955 3898; x_wconf 89' lang='lat' dir='ltr'><strong>s.</strong></span> <span class='ocrx_word' id='word_1_221' title='bbox 1064 3844 1110 3899; x_wconf 83' lang='lat'><strong>16.</strong></span> <span class='ocrx_word' id='word_1_222' title='bbox 1132 3839 1181 3899; x_wconf 90' lang='lat' dir='ltr'><strong>ille</strong></span> <span class='ocrx_word' id='word_1_223' title='bbox 1202 3851 1231 3899; x_wconf 90' lang='lat' dir='ltr'><strong>et</strong></span> 
     </span>
     <span class='ocr_line' id='line_1_31' title="bbox 117 3911 1229 3993; baseline 0.002 -22"><span class='ocrx_word' id='word_1_224' title='bbox 117 3914 299 3971; x_wconf 79' lang='lat' dir='ltr'><strong>PS.oorr.o.</strong></span> <span class='ocrx_word' id='word_1_225' title='bbox 368 3916 415 3969; x_wconf 89' lang='grc'><strong>17.</strong></span> <span class='ocrx_word' id='word_1_226' title='bbox 437 3911 553 3989; x_wconf 84' lang='lat' dir='ltr'><strong>prendit</strong></span> <span class='ocrx_word' id='word_1_227' title='bbox 574 3916 751 3973; x_wconf 82' lang='lat' dir='ltr'><strong>PS.oorr.o.</strong></span> <span class='ocrx_word' id='word_1_228' title='bbox 823 3920 869 3975; x_wconf 86' lang='grc'><strong>18.</strong></span> <span class='ocrx_word' id='word_1_229' title='bbox 890 3936 1029 3993; x_wconf 85' lang='lat' dir='ltr'><strong>equorum</strong></span> <span class='ocrx_word' id='word_1_230' title='bbox 1050 3916 1229 3975; x_wconf 78' lang='lat' dir='ltr'><strong>PS.oorr.h.</strong></span> 
     </span>
     <span class='ocr_line' id='line_1_32' title="bbox 117 3989 1229 4053; baseline 0.004 -8"><span class='ocrx_word' id='word_1_231' title='bbox 117 3996 166 4048; x_wconf 91' lang='grc'><strong>20.</strong></span> <span class='ocrx_word' id='word_1_232' title='bbox 193 3989 222 4046; x_wconf 91' lang='lat' dir='ltr'><strong>in</strong></span> <span class='ocrx_word' id='word_1_233' title='bbox 250 3990 432 4047; x_wconf 84' lang='lat' dir='ltr'><strong>interioribus</strong></span> <span class='ocrx_word' id='word_1_234' title='bbox 452 3990 568 4047; x_wconf 88' lang='lat' dir='ltr'><strong>Sabinis</strong></span> <span class='ocrx_word' id='word_1_235' title='bbox 599 3997 644 4052; x_wconf 83' lang='lat' dir='ltr'><strong>lo.</strong></span> <span class='ocrx_word' id='word_1_236' title='bbox 666 3994 827 4050; x_wconf 79' lang='lat' dir='ltr'><strong>Boeoootns</strong></span> <span class='ocrx_word' id='word_1_237' title='bbox 852 3993 885 4050; x_wconf 85' lang='lat' dir='ltr'><strong>de</strong></span> <span class='ocrx_word' id='word_1_238' title='bbox 909 3992 1065 4053; x_wconf 79' lang='lat' dir='ltr'><strong>montibus.</strong></span> <span class='ocrx_word' id='word_1_239' title='bbox 1099 3994 1128 4050; x_wconf 91' lang='lat' dir='ltr'><strong>in</strong></span> <span class='ocrx_word' id='word_1_240' title='bbox 1149 3993 1229 4050; x_wconf 84' lang='lat' dir='ltr'><strong>initio</strong></span> 
     </span>
     <span class='ocr_line' id='line_1_33' title="bbox 117 4067 1232 4148; baseline 0.001 -23"><span class='ocrx_word' id='word_1_241' title='bbox 117 4068 290 4125; x_wconf 79' lang='lat' dir='ltr'><strong>Henaiaius.</strong></span> <span class='ocrx_word' id='word_1_242' title='bbox 312 4068 341 4122; x_wconf 91' lang='lat' dir='ltr'><strong>in</strong></span> <span class='ocrx_word' id='word_1_243' title='bbox 362 4067 485 4123; x_wconf 85' lang='lat' dir='ltr'><strong>confinio</strong></span> <span class='ocrx_word' id='word_1_244' title='bbox 505 4086 528 4123; x_wconf 86' lang='lat' dir='ltr'><strong>a.</strong></span> <span class='ocrx_word' id='word_1_245' title='bbox 589 4069 637 4126; x_wconf 87' lang='grc'><strong>24.</strong></span> <span class='ocrx_word' id='word_1_246' title='bbox 660 4068 805 4144; x_wconf 85' lang='lat' dir='ltr'><strong>quendam</strong></span> <span class='ocrx_word' id='word_1_247' title='bbox 825 4072 883 4129; x_wconf 85' lang='lat' dir='ltr'><strong>PS.</strong></span> <span class='ocrx_word' id='word_1_248' title='bbox 899 4089 1013 4147; x_wconf 68' lang='lat' dir='ltr'><strong>sormp.</strong></span> <span class='ocrx_word' id='word_1_249' title='bbox 1072 4074 1120 4129; x_wconf 81' lang='lat'><strong>25.</strong></span> <span class='ocrx_word' id='word_1_250' title='bbox 1141 4090 1232 4148; x_wconf 87' lang='lat' dir='ltr'><strong>pren-</strong></span> 
     </span>
     <span class='ocr_line' id='line_1_34' title="bbox 118 4138 1232 4225; baseline 0.004 -26"><span class='ocrx_word' id='word_1_251' title='bbox 118 4144 188 4203; x_wconf 86' lang='lat' dir='ltr'><strong>dere</strong></span> <span class='ocrx_word' id='word_1_252' title='bbox 209 4146 242 4202; x_wconf 76' lang='lat' dir='ltr'><strong>S.</strong></span> <span class='ocrx_word' id='word_1_253' title='bbox 346 4148 395 4202; x_wconf 83' lang='grc'><strong>26.</strong></span> <span class='ocrx_word' id='word_1_254' title='bbox 410 4139 506 4225; x_wconf 77' lang='lat' dir='ltr'><strong>‘uatps</strong></span> <span class='ocrx_word' id='word_1_255' title='bbox 525 4142 626 4202; x_wconf 80' lang='lat' dir='ltr'><strong>habuit</strong></span> <span class='ocrx_word' id='word_1_256' title='bbox 647 4138 790 4205; x_wconf 87' lang='lat' dir='ltr'><strong>redarion‘</strong></span> <span class='ocrx_word' id='word_1_257' title='bbox 816 4165 846 4224; x_wconf 85' lang='lat' dir='ltr'><strong>p.</strong></span> <span class='ocrx_word' id='word_1_258' title='bbox 867 4166 903 4207; x_wconf 74' lang='lat' dir='ltr'><strong>aa</strong></span> <span class='ocrx_word' id='word_1_259' title='bbox 922 4152 949 4207; x_wconf 87' lang='lat' dir='ltr'><strong><em>P</em></strong></span> <span class='ocrx_word' id='word_1_260' title='bbox 967 4146 1039 4207; x_wconf 81' lang='lat' dir='ltr'><strong>nibil</strong></span> <span class='ocrx_word' id='word_1_261' title='bbox 1059 4146 1232 4207; x_wconf 82' lang='lat' dir='ltr'><strong>adnotatum</strong></span> 
     </span>
     <span class='ocr_line' id='line_1_35' title="bbox 119 4224 537 4298; baseline -0.005 -19"><span class='ocrx_word' id='word_1_262' title='bbox 119 4228 174 4280; x_wconf 75' lang='lat' dir='ltr'><strong>ur.</strong></span> <span class='ocrx_word' id='word_1_263' title='bbox 252 4224 300 4279; x_wconf 87' lang='grc'><strong>28.</strong></span> <span class='ocrx_word' id='word_1_264' title='bbox 322 4238 381 4279; x_wconf 89' lang='lat' dir='ltr'><strong>uon</strong></span> <span class='ocrx_word' id='word_1_265' title='bbox 401 4238 492 4298; x_wconf 84' lang='lat' dir='ltr'><strong>genus</strong></span> <span class='ocrx_word' id='word_1_266' title='bbox 511 4240 537 4279; x_wconf 81' lang='lat' dir='ltr'><strong>a.</strong></span> 
     </span>
    </p>
   </div>
   <div class='ocr_carea' id='block_1_4' title="bbox 0 0 1520 4859">
    <p class='ocr_par' dir='ltr' id='par_1_17' title="bbox 0 0 1520 4859">
     <span class='ocr_line' id='line_1_36' title="bbox 0 0 1520 4859; baseline 0 0"><span class='ocrx_word' id='word_1_267' title='bbox 0 0 1520 4859; x_wconf 95' lang='lat' dir='ltr'><strong> </strong></span> 
     </span>
    </p>
   </div>
  </div>
 </body>
</html>
