3025 4859
598 418 745 477 sarum
762 420 807 477 rr.
1191 408 1267 486 275

147 588 245 682 lorgis
267 606 304 655 se
325 586 427 680 epulis
448 595 612 655 onerasset
635 595 668 655 et
690 590 774 671 uino,
798 590 887 657 uenis
908 588 1016 658 incisis
1037 587 1173 673 saltans,
1196 612 1261 687 quo

147 701 290 771 maxime
311 700 415 768 studio
439 696 672 782 oblectabatur,
696 700 834 766 extincta
858 708 916 767 est

236 812 306 878 639.
329 833 457 878 runnu.
480 806 632 901 poculum
654 832 863 879 uenenosunr.
915 820 917 825 ’

235 922 307 989 640.
330 946 401 988 rrsn
421 942 548 987 rennor.
571 942 654 1011 quae
677 922 783 1013 agnita
807 921 964 1006 uidentur,
988 945 1049 1016 ego
1072 925 1143 991 leci.

237 1034 310 1100 641.
347 1056 433 1099 rene
456 1055 538 1098 nvos
561 1053 698 1099 serrem
722 1057 746 1098 s.
771 1056 795 1099 s.
819 1056 853 1099 r.
890 1033 989 1101 uerba
1015 1036 1113 1125 ipsius
1136 1035 1299 1102 matris:⁶

150 1153 285 1239 possent
305 1166 371 1211 uno
393 1164 520 1212 ueneno
543 1150 576 1208 et
597 1150 720 1233 septena
744 1142 855 1221 occidi,
879 1144 904 1209 si
928 1145 1055 1235 quidem
1078 1146 1219 1215 luissent.

236 1255 307 1323 643.
331 1254 591 1323 sucronemne
616 1276 647 1319 τ.
671 1254 823 1345 quidquid
846 1255 885 1323 de
907 1254 1021 1323 Medea
1045 1257 1162 1323 dicunt.

234 1367 306 1433 644.
336 1388 470 1434 urcrrrn
495 1388 537 1431 er
559 1386 589 1431 r.
621 1361 764 1455 Progne,
793 1388 875 1457 quae
903 1365 1001 1433 lilium
1030 1388 1122 1433 suurn
1145 1369 1262 1437 occidit

147 1486 281 1573 propter
303 1498 446 1544 sororem
469 1496 487 1541 a
511 1475 624 1541 marito
647 1483 833 1565 stupratam.

237 1588 322 1679 [645.
351 1612 410 1654 sen
432 1608 496 1653 nou
518 1609 667 1653 rnorrcn
689 1588 844 1676 mimos}
878 1610 942 1656 uon
972 1596 1079 1656 tamen
1107 1591 1261 1683 pecuniae
1275 1604 1301 1648 1⁰

147 1722 245 1770 causo
271 1698 352 1765 haee
374 1696 576 1765 admiserunt

232 1810 306 1879 647.
328 1830 491 1876 nnscrvn.
513 1830 618 1900 neque
640 1808 724 1875 eninr
747 1832 802 1876 eus
824 1808 969 1878 admirari
993 1812 1142 1878 conuenit
1164 1834 1261 1903 super

145 1920 263 1991 talibus
284 1920 385 2000 laetis,
408 1940 490 2010 quae
504 1940 618 1985 causas
639 1942 740 2011 prope
761 1922 860 1987 iustas
882 1920 1023 1989 habuere
1044 1921 1208 2015 peccandi.

233 2032 305 2099 649.
325 2052 545 2098 renueremus.
567 2028 599 2095 id
621 2037 678 2111 est,
700 2050 798 2096 sexus
821 2031 988 2100 femininus
1004 2031 1146 2100 caelandi
1163 2054 1260 2100 causa

147 2144 254 2212 omnia
281 2142 378 2209 audet
407 2141 522 2207 lacere.
567 2136 730 2231 [Virgilius
753 2140 832 2207 Aen.
854 2138 894 2223 V,
917 2142 967 2232 5]:
1004 2138 1096 2210 ‘dum
1125 2165 1298 2235 magnosn

147 2276 257 2322 amore
279 2251 389 2319 dolore
410 2248 559 2341 pollutos,
580 2272 662 2340 quae
684 2272 789 2341 neque
812 2249 944 2320 offerre?
1029 2276 1142 2332 ovmvs
1167 2274 1260 2326 nous.

145 2361 315 2456 Virgilius:
337 2357 540 2429 ‘excisumue
563 2357 654 2426 obice
677 2356 812 2427 montis?

233 2474 305 2540 651.
342 2495 442 2541 muru
465 2496 494 2538 n.
518 2494 548 2539 u.
591 2495 674 2563 quae
708 2480 840 2564 propter
867 2474 1030 2541 auaritiam
1059 2484 1186 2568 peccat,
1222 2484 1260 2545 ut

147 2584 282 2677 Eryfile,
314 2607 411 2675 quarn
444 2582 552 2650 dsunt
584 2581 785 2651 sollicitatam
813 2584 903 2652 donis
936 2586 1085 2653 maritum
1114 2588 1259 2679 coegisse

145 2698 195 2767 ire
217 2696 257 2763 ad
279 2694 413 2779 hellum;
435 2702 467 2761 et
488 2702 632 2762 mortuus
655 2702 712 2761 est.
1270 2713 1298 2755 20

233 2808 305 2875 653.
338 2805 519 2873 Accssrm.
554 2804 658 2872 idest
684 2806 715 2871 in
738 2804 861 2873 theatro
885 2815 1030 2899 spectant
1050 2806 1260 2901 parapallium

147 2916 290 2987 Alcestin
312 2939 369 3009 pro
392 2940 451 2984 suo
474 2916 587 2982 marito
609 2916 806 2982 morientem.
841 2915 956 3008 quibus
986 2919 1012 2985 si
1035 2918 1126 2987 detur
1149 2918 1259 2986 similis

148 3027 287 3097 conditio
311 3028 351 3095 de
373 3029 439 3094 uita
459 3025 563 3094 mariti
585 3035 640 3092 aut
662 3026 767 3109 eatuli,
791 3025 941 3095 catellum
963 3030 1064 3122 magis
1088 3028 1214 3122 eligent.

234 3139 305 3207 655
342 3136 496 3205 Beumns.
531 3134 710 3219 Danaides,
743 3160 826 3230 quae
853 3160 911 3230 pro
934 3148 1023 3231 patre
1047 3162 1105 3207 suo
1128 3142 1258 3207 maritos

148 3247 342 3317 occiderunt
428 3272 621 3316 occvnnsur
635 3245 811 3315 Enrrrunn.
840 3244 972 3339 Erifyle,
994 3273 1076 3318 uxor
1091 3248 1296 3341 Eurypyli,as

146 3356 202 3428 filii
224 3356 334 3427 Teleli.
365 3360 421 3453 qui
442 3356 606 3451 Telephus
628 3380 702 3427 cum
725 3360 865 3425 uenisset
887 3358 928 3426 ad
950 3358 1102 3427 auxilium
1123 3358 1261 3444 Priamo,

148 3468 297 3565 plagatus
321 3478 370 3537 est
391 3468 431 3537 ab
453 3466 591 3548 Achille,
614 3476 646 3534 et
669 3491 743 3535 cunr
765 3490 829 3535 non
852 3477 961 3559 posset
983 3470 1102 3555 curari,
1131 3472 1261 3538 sortitus

149 3589 200 3649 est
221 3578 261 3647 ab
283 3578 409 3649 Achille
431 3603 467 3648 se
490 3579 559 3647 solo
582 3600 679 3670 posse
700 3579 814 3649 curari.
844 3580 932 3647 uenit
954 3578 1103 3673 supplex,
1125 3582 1205 3675 petit
1224 3604 1261 3650 se

148 3806 559 3885 1.honorassetPS.corr.p.
605 3816 635 3866 et
645 3824 756 3866 ueneno
767 3807 826 3863 PS.
873 3804 901 3864 4.
917 3806 1095 3882 incognitas.
1142 3813 1189 3867 10.
1203 3826 1262 3867 non

148 3918 190 3930 ·-
200 3885 377 3942 admiserunt
396 3891 464 3961 post
503 3884 623 3943 eccandi
643 3890 754 3961 ponunt
773 3884 832 3940 ΡΒ.
853 3900 925 3941 corr.
944 3900 970 3940 o.
1078 3886 1124 3945 14.
1145 3884 1262 3943 zelandi

151 3964 340 4023 martenius.
361 3966 399 4019 H.
411 3904 578 4038 Peerlkamp
598 3962 637 4019 od
659 3965 739 4036 νοω.
752 3962 827 4018 Acro.
848 3964 874 4019 I.
894 3979 922 4035 p.
934 3960 1044 4037 Quaen.
1065 3961 1260 4019 ulciscendis.

149 4044 198 4101 15.
219 4040 284 4095 duri
304 4056 408 4114 rnagno
429 4037 482 4095 sed
502 4058 600 4097 umore
621 4038 736 4096 dolores
752 4036 871 4114 polluto,
892 4046 1047 4112 notumque
1068 4036 1169 4095 furens
1190 4038 1260 4114 quid

148 4118 258 4176 semina
287 4116 380 4195 possit
414 4118 494 4190 Verp.
526 4120 605 4173 cutus
634 4116 759 4189 uestiyiu
779 4113 943 4171 detexerunt
963 4132 988 4169 s.
1025 4118 1063 4172 11.
1084 4114 1260 4173 Pocrlhunr.

149 4200 197 4255 16.
219 4212 276 4252 non
299 4192 429 4266 tepenter
447 4190 524 4287 opud
545 4192 710 4267 Vergilium.
810 4194 855 4247 19.
876 4190 1006 4265 Euripyli
1028 4132 1259 4263 Schuetzllotool.

146 4276 197 4332 21.
218 4262 291 4348 παρ’
307 4262 488 4347 ὕπαλλαγην
500 4287 515 4326 e
528 4268 590 4328 cod.
602 4263 835 4343 Schuetzlletsch.
856 4262 942 4344 παρὰ
961 4266 1080 4344 pallium
1094 4266 1259 4328 Achotutre.

992 4364 1060 4432 18·
