3025 4859
563 388 814 445 sarmarum
1169 367 1245 446 307

132 558 254 631 habent
275 556 382 627 aedes.
489 567 544 626 aut
567 566 653 628 certe
676 560 763 652 quod
790 561 822 626 in
845 554 1006 650 Capitolio
1035 561 1111 646 post
1134 550 1248 620 aedem

132 670 259 739 Dianae
282 677 314 737 et
334 665 419 737 lonis
447 670 620 739 secundam
652 670 692 738 de
719 668 874 737 miraculo
902 669 1007 761 operis
1033 665 1153 734 hahent
1177 663 1249 757 glo-

134 782 215 849 riam
236 778 399 849 Fortunae
419 789 516 873 atque
538 779 686 865 Herculis
708 780 813 848 aedes.
878 778 1041 847 Fortunae
1063 798 1141 845 uero
1164 774 1249 866 apud

136 890 311 961 Praeneste
333 892 446 959 aedem
467 890 713 983 pulcherrimam
737 894 843 960 lerunt
865 892 971 959 luisse.
993 886 1143 957 Herculis
1164 886 1250 954 enim

138 1002 253 1071 aedem
274 1001 402 1071 'liburia
423 1002 508 1070 dicit
1273 1016 1288 1057 ι

223 1114 276 1181 91.
312 1136 358 1179 vr
381 1136 482 1181 srano
504 1136 678 1184 vincenna.
715 1112 768 1182 hic
788 1112 940 1183 Possides
969 1112 1086 1206 spado,
1119 1108 1252 1177 libertus

140 1221 255 1293 Claudi
276 1222 485 1316 imperatoris,
508 1232 614 1293 tantae
637 1227 757 1319 gratiae
780 1234 813 1293 et
834 1227 996 1318 potentiae
1019 1224 1090 1304 luit,
1119 1229 1155 1287 ut
1176 1242 1251 1287 eum

140 1331 296 1402 Claudius
318 1334 350 1402 in
372 1332 570 1403 Brittannico
595 1336 753 1429 triumpho
775 1338 858 1404 inter
878 1336 1030 1404 militares
1052 1335 1139 1401 uiros
1159 1328 1252 1397 hasta

139 1466 221 1537 pura
244 1444 419 1525 domuerit,
442 1444 626 1515 cohortibus
648 1470 778 1540 quoque
800 1455 833 1513 et
854 1445 912 1515 alis
933 1446 1179 1539 prouinciaeque
1200 1439 1253 1507 lu·

138 1554 238 1623 daeae
275 1556 514 1647 praeposuerit,
557 1554 670 1625 lectica
707 1580 766 1649 per
798 1556 912 1625 urbem
943 1556 1092 1624 uectandi
1126 1560 1252 1645 specta·
1266 1568 1293 1611 ιο
1348 1638 1354 1659 1

141 1663 280 1758 ordoque
310 1663 436 1757 publice
472 1666 585 1735 edendi
617 1668 666 1736 ius
701 1667 855 1739 tribuerit
893 1668 1011 1763 legitur
1036 1668 1069 1734 in
1096 1664 1253 1733 Suetonio

140 1774 270 1865 [Claud.
292 1776 359 1867 28].

228 1888 280 1957 92
301 1910 453 1956 murnum
475 1911 553 1957 nau.
575 1890 686 1957 minuit
708 1892 933 1983 patrimonium
955 1886 1147 1957 fabricando.

229 1998 282 2069 93.
309 2022 538 2068 reseramus.
566 2008 696 2068 secutus
719 2010 842 2093 patrem
864 2000 994 2071 scilicet.
1101 2018 1254 2066 ucnsvna

142 2133 315 2180 amicare.
336 2110 433 2177 idest
453 2110 541 2202 quod
562 2122 756 2181 remanserat
778 2112 819 2183 de
842 2112 1039 2206 patrimonio,
1062 2108 1143 2177 lilius
1158 2130 1254 2175 omne
1267 2124 1293 2166 ιε

141 2224 176 2291 in
198 2219 347 2289 aediliciis
368 2220 532 2313 impendit.

229 2332 282 2400 97.
303 2354 415 2401 nvurn
436 2356 598 2403 aoonnnr.
619 2332 704 2402 nulla
727 2331 996 2426 contemplatione
1018 2330 1170 2400 colentes.

229 2444 281 2509 98.
313 2464 447 2514 nvuana
469 2467 573 2513 canna
596 2468 622 2514 s.
644 2467 674 2514 n.
713 2455 877 2538 tamquam
897 2443 1070 2512 humanam
1092 2442 1257 2535 porcinam

143 2560 268 2651 putant

231 2668 283 2732 99.
304 2688 487 2737 rnanrvrn
509 2692 539 2735 r.
566 2666 599 2735 id
621 2676 669 2735 est
692 2664 869 2760 περιτομή.
1269 2685 1309 2727 ²⁰·

235 2778 306 2844 102.
342 2800 508 2846 vonvumu
536 2776 676 2847 Morsus.
712 2780 863 2848 sacerdos
891 2775 944 2845 uel
969 2798 1027 2843 rex
1049 2776 1117 2843 eius
1144 2774 1257 2867 gentis,

148 2894 205 2955 aut
225 2886 324 2979 ipsius
346 2887 474 2979 quidem
495 2886 655 2981 religionis
678 2892 835 2974 inuentor,
857 2891 948 2959 canus
970 2884 1140 2956 Cornelius
1162 2886 1259 2952 etiam

149 2996 282 3067 Tacitus
306 2998 390 3087 [hist.
413 2994 453 3081 V,
474 2998 505 3066 3.
527 3000 572 3089 4.]
596 3002 746 3069 meminit.

235 3108 306 3177 103.
332 3130 396 3178 non
416 3130 610 3179 uonsrnans
631 3134 663 3179 v.
684 3136 714 3179 c.
746 3113 779 3181 id
801 3122 859 3195 est,
881 3135 945 3181 non
968 3108 1111 3181 confiteri
1131 3105 1260 3201 religio·

147 3217 197 3289 nis
219 3226 353 3287 secreta.
1270 3244 1298 3287 aa

239 3330 309 3399 101.
338 3352 522 3408 ovaesrrvu
543 3357 587 3401 an
609 3356 749 3403 ronanu.
782 3331 837 3401 uhi
859 3331 1068 3426 baptizantur.
1155 3353 1261 3399 nenv-

152 3462 236 3509 cane
258 3462 390 3509 vannos.
413 3440 556 3525 ludaeos,
580 3445 634 3537 qui
657 3446 724 3512 sine
747 3442 896 3537 pellicula
918 3450 1000 3510 sunt

239 3552 309 3621 105.
332 3576 392 3621 aun
413 3576 519 3623 aaran
541 3578 573 3622 in
596 3578 707 3623 cavan.
731 3578 828 3623 causa
848 3555 943 3623 huius
964 3562 1070 3621 metus
1091 3560 1183 3645 pater
1203 3558 1261 3619 est.

239 3662 309 3729 106.
333 3686 647 3736 ronanaearanrau.
672 3668 745 3760 quia
756 3690 883 3760 semper
896 3665 1036 3734 sabbatis
1047 3662 1123 3731 nihil
1133 3663 1262 3731 faciunt

152 3855 182 3911 3.
202 3851 347 3911 Fortunae
367 3854 426 3911 PS.
488 3858 534 3913 10.
555 3854 675 3915 lecticae
696 3851 1084 3929 PS.oorr.8ohurtzpleisoh.
1143 3858 1189 3911 11.
1211 3851 1263 3909 tri·

151 3930 214 3987 buit
233 3933 291 3989 ΡΒ.
307 3948 378 3989 corr.
394 3932 568 3991 Hanntnior.
588 3952 658 4009 quoe
679 3936 839 3991 Suetonius
858 3934 891 3991 de
907 3932 1000 3991 tritos
1022 3928 1137 3989 Gloodtt
1157 3928 1265 3987 libertis

154 4015 267 4079 umor,
287 4026 320 4066 eo
340 4007 378 4065 od
397 4025 486 4065 onum
505 4008 629 4069 Posidea
648 4010 748 4083 refert.
830 4016 876 4069 11.
897 4011 1000 4069 Stonio
1020 4010 1079 4065 ΡΒ.
1096 4025 1171 4065 corr.
1185 4026 1215 4082 p.

155 4090 202 4145 17.
223 4086 301 4142 nuda
321 4088 449 4160 Rutpera
467 4103 546 4145 corr.
568 4086 644 4145 lectt.
669 4092 719 4157 Vr,
741 4093 787 4147 18.
847 4093 894 4145 20.
908 4104 1063 4162 πηριτομη
1076 4086 1133 4141 PS.
1148 4101 1222 4143 corr.
1235 4101 1265 4159 p.

151 4162 304 4301 paperonp‘
317 4158 550 4299 gohonalleirch.
570 4161 801 4243 περιτέμνονται
820 4166 948 4224 Martini
960 4164 1016 4221 lca.
1027 4161 1099 4240 phil.
1107 4165 1152 4221 11.
1162 4164 1267 4240 ΜΠ.

172 4246 201 4301 9.
222 4240 273 4320 qui
291 4244 319 4299 P
342 4257 475 4318 .oorr.p.
