3025 4859
574 362 721 416 sarran
742 363 799 419 vu.
1150 342 1232 419 289

204 532 277 599 225.
314 554 483 601 onracrsss
507 554 683 599 nvcnanns.
722 531 869 599 lucernas
897 551 971 597 cum
999 527 1114 621 quibus
1136 536 1232 595 nocte
1274 510 1279 519 ¹

124 643 252 709 ueniunt
274 641 313 709 ad
335 644 559 735 grammaticos
583 650 618 710 ut
639 640 794 710 lectiones
815 642 980 732 accipiant.

205 755 277 820 227.
304 753 462 823 Funccvs.
492 752 596 821 codex
619 750 719 822 Oratii
742 764 775 821 et
796 752 928 846 Virgilii,
952 754 983 817 in
1007 750 1121 841 quibus
1144 749 1232 843 lege-

122 867 204 935 bant.
311 866 383 956 quia
412 874 444 933 ot
467 864 595 931 Oratius
618 872 650 930 et
675 862 824 957 Virgilius
844 864 926 957 nigri
947 860 1064 931 coloris
1087 860 1233 927 dicuntur

121 980 224 1058 luisse,
247 976 319 1043 idco
343 975 510 1067 diasyrtice
534 976 612 1044 dixit
634 974 839 1042 detrahendo.
1255 1008 1267 1046 5

203 1088 277 1155 228.
306 1110 389 1155 anan
413 1110 523 1156 arnon
545 1112 578 1156 u.
615 1108 686 1154 raro
710 1086 777 1153 sine
800 1085 854 1151 lite
877 1084 1033 1177 magistris
1056 1081 1231 1151 redduntur

121 1199 294 1269 mercedes.

202 1310 277 1377 230.
301 1332 344 1375 ντ
367 1332 592 1377 runscsrrom
616 1334 647 1375 v.
670 1332 710 1377 nc
732 1309 844 1375 uitium
866 1307 960 1374 iaciat
980 1304 1151 1397 loquendo.
1201 1307 1204 1316 '

202 1422 277 1489 231.
300 1446 344 1486 rr
360 1443 467 1487 necas
484 1445 623 1489 sronrns.
647 1442 706 1487 uos
729 1420 822 1500 enirn,
846 1441 865 1485 o
890 1419 1013 1497 tribuni,
1036 1416 1131 1482 rluras
1154 1437 1230 1480 con·

119 1534 253 1601 ditiones
287 1532 443 1623 magistris
477 1533 632 1623 inponite,
668 1518 703 1595 ut
736 1538 768 1595 et
795 1529 863 1594 sine
892 1530 976 1595 uitiis
1001 1527 1172 1617 loquantur
1199 1532 1271 1589 etro

119 1670 228 1713 omnes
250 1643 398 1711 historias
421 1649 453 1707 et
475 1650 586 1735 poetas
616 1648 757 1721 teneant,
786 1647 821 1706 ut
845 1661 1046 1730 quacumque
1069 1638 1131 1702 sint
1153 1633 1230 1701 hora

119 1756 303 1847 interrogati
325 1754 431 1821 statirn
453 1752 675 1844 respondeant

201 1866 275 1933 233.
297 1889 362 1932 avr
385 1862 517 1931 Pnocer.
541 1864 683 1955 priuatae
705 1860 846 1943 balneae,
870 1883 953 1954 quae
974 1858 1098 1927 Dafnes
1121 1856 1230 1950 appel-

118 1975 230 2043 lantur.

201 2084 276 2153 234.
299 2108 476 2155 nvsarcsu.
497 2083 713 2177 Tisiphonem.
821 2107 1024 2161 rnrnraspve
1048 2106 1228 2152 norsncnu.
1244 2100 1268 2141 ¹⁵

117 2199 210 2267 duras
233 2205 267 2265 et
288 2197 460 2288 exquisitas
484 2218 606 2263 causas.

200 2308 275 2375 235.
309 2329 496 2375 nncnsuonr
518 2330 625 2375 nrcnr.
659 2307 690 2375 id
714 2314 772 2386 cst,
796 2307 928 2399 exigunt
948 2329 999 2372 res
1023 2304 1176 2375 obscuras
1199 2316 1232 2373 et

116 2416 324 2511 inpossibiles.

198 2530 275 2596 237.
298 2550 405 2594 norro
428 2550 460 2593 v.
477 2550 510 2594 rr.
534 2526 635 2595 bonos
657 2550 764 2595 mores
787 2535 822 2595 ut
843 2527 980 2597 habeant
1001 2526 1053 2594 lilii
1076 2528 1229 2618 ipsorum,

117 2664 135 2708 a
156 2640 316 2733 magistris
340 2646 527 2730 exposcunt
1243 2664 1270 2702 m

199 2752 274 2817 240.
296 2773 336 2817 ns
360 2773 498 2818 rncrnnc
521 2772 658 2817 vrcrars.
683 2774 723 2817 ne
745 2751 883 2819 inuicem
906 2772 941 2815 se
964 2759 1179 2841 corrumpant.

199 2862 275 2928 2111.
298 2884 483 2933 oasonvnnu
506 2885 539 2930 n.
569 2884 611 2928 ne
633 2862 798 2955 praeputia
819 2860 944 2927 ducant
1041 2883 1230 2937 ocroosore

118 2996 137 3038 1.
153 2996 180 3037 r.
198 2998 231 3040 r.
253 2972 359 3059 idest,
383 2981 562 3067 exposcunt
584 2996 602 3039 a
624 2974 794 3064 magistris,
815 2982 851 3039 ut
873 2972 968 3039 ctiam
990 2993 1097 3038 mores
1119 2994 1231 3037 eornm

118 3084 295 3175 corrigant,
319 3094 352 3153 et
373 3107 412 3151 ne
435 3085 566 3175 turpiter
588 3084 697 3149 uiuant
719 3093 775 3149 aut
796 3092 1000 3174 corrumpant
1021 3106 1071 3162 se,
1102 3092 1135 3149 et
1157 3092 1232 3175 post

118 3190 197 3263 haec
220 3192 327 3260 omnia
350 3192 381 3259 in
404 3215 521 3260 annum
544 3214 643 3260 unum
666 3191 803 3261 solidum
825 3194 948 3284 accipit.
1243 3210 1269 3249 ²⁵

200 3304 275 3371 243.
299 3326 416 3375 acerra
439 3327 469 3367 v.
501 3303 589 3370 utin
612 3302 735 3372 theatro
758 3303 863 3370 solent
884 3312 994 3394 petere
1015 3306 1154 3395 quinque
1177 3326 1233 3368 au·

117 3437 198 3483 reos.
223 3438 299 3485 nam
320 3436 384 3482 non
406 3412 522 3481 licebat
543 3412 677 3505 amplius
701 3413 787 3481 dare.

120 3686 147 3741 3.
169 3683 288 3741 codices
307 3702 332 3741 rr.
426 3688 454 3741 6.
476 3702 541 3741 rara
562 3685 619 3741 ΡΒ.
641 3702 723 3740 rarae
743 3700 772 3758 p.
794 3700 859 3740 rare
880 3700 907 3738 o.
1001 3681 1048 3741 14.
1070 3682 1234 3761 appellatur

122 3764 306 3839 PS.corr.p.
385 3766 430 3821 22.
452 3780 507 3820 ona.
529 3763 561 3819 S.
641 3762 754 3839 preputi
776 3762 809 3818 P.
829 3778 903 3818 corr.
918 3780 948 3836 p.
