3025 4859
586 400 733 453 ssrvns
753 399 798 453 vr.
1163 382 1238 457 255

130 566 196 649 illo,
218 567 269 633 cui
290 566 449 635 inscribsit
469 566 568 649 Cato,
595 566 712 635 Cicero
734 569 831 635 etiam
857 565 1012 646 laudauit,
1039 562 1137 633 libros
1160 565 1241 633 duos

132 676 359 744 famosissimos
380 678 413 743 in
434 677 534 744 uitam
555 674 689 743 Catonis
700 675 821 758 edidit,
852 698 934 767 quos
961 675 1168 743 Anticatones
1195 675 1243 742 in·

132 786 268 877 scripsit.

217 895 291 963 339.
329 915 428 962 nnvn
453 916 643 961 rssrrcvnrs
672 916 1058 965 s1src.rc.1.u.r.u.
1096 893 1135 962 ad
1162 901 1243 961 tem·

132 1007 232 1099 plum,
254 1006 309 1074 ubi
329 1027 394 1073 non
416 1012 466 1071 est
487 1006 534 1071 las
555 1004 671 1071 intrare
692 1026 754 1072 nec
775 1028 898 1072 murem
920 1003 1107 1073 masculum.
1268 1022 1280 1063 a

218 1117 291 1184 341.
314 1136 492 1183 rurvuemr
514 1136 569 1179 vsr
591 1136 709 1181 renim
730 1137 762 1181 r.
784 1114 891 1195 idest,
912 1136 972 1183 nec
988 1115 1143 1206 picturam
1159 1138 1242 1183 mas·

132 1226 231 1293 culini
253 1248 349 1292 sexus
371 1223 414 1290 ibi
435 1223 510 1289 licet
531 1245 612 1289 csse.

219 1334 294 1403 342.
318 1358 361 1403 nr
383 1355 455 1411 ov1s
478 1354 565 1401 rvuc
587 1350 740 1399 nomnvrs
763 1354 792 1400 c.
815 1330 870 1400 illo
885 1343 1031 1426 tempore
1051 1355 1146 1400 nemo
1168 1357 1245 1402 con·

133 1446 297 1511 temnebat
318 1443 406 1511 deos.

219 1553 292 1620 343.
326 1550 542 1640 [sruruvrvrrl.
578 1574 635 1619 uas
663 1550 817 1619 sacrificio
844 1560 964 1643 aptum.
1076 1574 1243 1621 siuevnvu
1258 1570 1284 1611 1⁰

132 1685 254 1730 mosne
275 1659 397 1730 erms
415 1676 613 1737 urcuvrrove.
646 1662 839 1753 simpuuium
865 1682 924 1727 uas
944 1658 1104 1729 sacrificiis
1125 1672 1244 1754 aptum,

134 1774 167 1838 in
190 1793 254 1861 quo
275 1769 441 1863 pontifices
469 1769 569 1837 libare
597 1768 751 1838 solebant
787 1771 980 1861 simpuuium
1013 1780 1139 1852 autem,
1171 1772 1245 1863 quia

135 1902 248 1947 omnes
269 1882 452 1949 sacerdotes
473 1879 568 1946 simul
589 1877 749 1946 bibebant
779 1878 851 1969 inde
877 1881 1096 1971 simpuuiatrix
1122 1880 1175 1948 illa
1199 1880 1245 1948 di·

135 1992 226 2069 citur,
249 2012 332 2080 quae
353 1989 487 2083 porrigit
507 1988 659 2079 poculum
680 1988 783 2080 ipsud.

219 2100 294 2167 345.
317 2098 462 2167 Cnonrvs
474 2121 563 2166 nass.
584 2121 643 2191 pro
659 2098 801 2165 Clodius.
824 2098 971 2167 dicebant
993 2122 1066 2168 nam
1081 2124 1141 2192 per
1155 2124 1243 2168 com·
1258 2118 1283 2161 ιε

136 2210 331 2290 munionem,
362 2217 399 2275 ut
421 2207 554 2275 Clodius
577 2216 610 2273 ct
631 2206 800 2290 Claudius,
834 2216 870 2276 ut
892 2217 981 2277 cotes
1004 2218 1036 2277 et
1058 2218 1181 2291 cautes,
1211 2219 1248 2277 ut

135 2320 245 2410 auriga
268 2326 365 2409 atque
387 2317 486 2410 origa.

222 2427 296 2493 347.
318 2448 402 2495 rous
418 2450 535 2494 sensu.
557 2428 671 2493 ianuae
685 2448 816 2509 serram,
838 2429 870 2496 id
883 2437 939 2510 est,
962 2429 1088 2497 include
1102 2452 1247 2496 uxorem.

222 2538 295 2605 348.
317 2560 483 2605 cusronss
505 2560 534 2603 c.
557 2537 619 2604 hoc
641 2544 699 2616 est,
721 2544 757 2602 ut
779 2536 838 2603 sibi
861 2539 1007 2604 conscios
1028 2537 1178 2605 custodes
1200 2540 1247 2605 la-

137 2649 232 2738 ciant,
251 2670 293 2714 ne
313 2644 354 2712 ab
375 2648 453 2737 ipsis
475 2646 664 2714 deferantur.
744 2644 808 2713 hoc
829 2656 937 2737 agunt,
959 2656 995 2715 ut
1017 2657 1050 2713 et
1070 2650 1156 2740 ipsos
1180 2657 1286 2717 tur-ru

135 2758 281 2850 pitudine
301 2756 438 2823 libidinis
459 2778 537 2824 suae
559 2756 755 2849 adstringant
777 2764 809 2824 et
831 2757 977 2824 conscios
997 2758 1122 2825 faciant.

138 2891 183 2934 nr
204 2890 245 2934 ss
265 2888 347 2933 mnus
369 2889 491 2933 rucnur
512 2888 610 2933 vxoa.
638 2862 708 2960 ‘qui
729 2889 815 2935 nunc
841 2866 981 2934 lasciuae
1009 2868 1094 2935 lurta
1121 2866 1247 2959 puellae

136 2976 201 3045 hac
224 2976 373 3043 mercede
394 2974 504 3042 silent:
527 2976 646 3043 crimen
667 2998 839 3043 commune
859 2973 1000 3044 tacetur.³

222 3086 296 3153 349.
323 3107 508 3162 urumrsovs
529 3107 645 3153 sterno.
678 3108 740 3155 una
762 3086 858 3155 libido
881 3093 984 3155 estet
1005 3087 1154 3159 diuitibus
1176 3112 1247 3157 mu·

135 3194 268 3263 lieribus
289 3205 322 3262 et
342 3193 543 3287 pauperibus.
1257 3222 1284 3265 u

139 3514 169 3568 1.
198 3507 247 3583 qni
266 3503 411 3563 inscribsit
428 3503 488 3561 ΡΒ.
519 3502 567 3579 qui
588 3502 751 3561 inscribitur
770 3520 799 3578 p.
916 3506 945 3563 7.
971 3504 1033 3581 ipse
1054 3505 1113 3562 ΡΒ.
1134 3522 1199 3563 esse
1221 3522 1245 3562 a.

139 3582 271 3661 conspici
290 3600 315 3639 r.
412 3584 440 3639 8.
460 3577 654 3637 contendebat
673 3578 729 3635 diis
749 3580 807 3635 ΡΒ.
828 3595 902 3636 corr.
923 3597 947 3637 c.
967 3580 1004 3653 stt
1027 3582 1110 3639 Beier
1128 3580 1167 3639 ud
1189 3582 1248 3640 cte.

137 3660 197 3735 frt-
218 3676 276 3716 ort.
295 3676 324 3734 p.
339 3657 387 3715 74.
505 3661 552 3713 10.
574 3673 760 3713 craterum
779 3653 846 3714 odd.
867 3674 894 3713 o.
1003 3661 1048 3716 12.
1070 3658 1169 3715 lauare
1189 3660 1248 3716 ΡΒ.

137 3754 216 3795 corr.
237 3731 590 3801 numinenumine.
670 3737 718 3790 13.
736 3726 816 3809 ‘ipso
835 3739 927 3789 cumr
947 3751 1020 3810 quoe
1039 3752 1096 3792 uus
1114 3737 1249 3813 percipit,

137 3820 173 3873 rat
191 3814 287 3887 inquit
305 3808 429 3883 hobus,
449 3810 661 3885 sumptuatis
680 3800 845 3867 dicebatur.³
868 3814 904 3866 V.
1001 3810 1068 3869 inde
1088 3819 1118 3869 et
1137 3812 1248 3888 simpu-

138 3890 248 3949 uiatrix
267 3888 373 3945 sncilta
392 3904 418 3943 r.
521 3888 569 3943 15.
589 3879 713 3943 ‘Probus
732 3893 830 3943 autent
851 3886 934 3962 tepit:
964 3887 1016 3945 sed
1038 3906 1095 3945 nou
1116 3887 1154 3944 ad
1176 3906 1247 3962 quas

137 3984 218 4025 nnnc
237 3964 333 4021 ladius
352 3980 434 4031 oras,
459 3968 493 4019 ut
511 3960 613 4020 babitu
632 3962 762 4021 ludiosis
782 3961 821 4021 od
840 3982 909 4021 uros
929 3962 1023 4022 moedi
1041 3963 1131 4032 dicct,
1155 3971 1190 4019 ut
1209 3966 1250 4021 sit

138 4042 237 4102 lodius
256 4058 310 4117 pro
329 4030 444 4097 ludius.³
469 4042 504 4096 V.
599 4038 689 4097 solsol.
709 4038 811 4114 lapisto
831 4039 972 4099 Claudius
991 4044 1103 4099 monuit
1124 4044 1250 4114 Rutpcrr

138 4138 224 4178 παπ.
244 4118 323 4176 lectt.
344 4121 386 4186 11,
407 4120 454 4177 17.
545 4115 613 4176 licet
631 4119 689 4176 ΡΒ.
709 4134 782 4175 corr.
802 4135 827 4175 s.
926 4120 972 4175 16.
994 4126 1023 4175 et
1043 4115 1164 4175 Clodius
1183 4135 1210 4175 r.

139 4202 189 4256 17.
210 4191 309 4272 utque]
333 4194 382 4270 qui
401 4194 460 4251 ΡΒ.
482 4200 558 4269 etp.
