3025 4859
250 376 273 449 6
627 388 663 440 D.
681 386 770 443 IVNII
787 386 983 443 lVVENALlS

254 558 456 639 Flaminiam,
478 579 560 649 puer
581 553 786 623 Automedon
808 578 882 623 narn
904 554 972 624 lora
995 554 1125 625 tenebat

254 673 338 763 ipse,
361 669 542 736 lacernatae
565 690 640 735 cum
663 689 698 731 se
719 667 853 732 iactaret
874 666 1018 735 amicae?

251 803 359 848 nonne
380 778 457 846 libet
481 778 586 846 medio
610 800 701 845 ceras
723 776 856 869 implere
879 800 1014 870 capaces

254 891 436 983 quadriuio,
460 911 534 955 cum
556 890 619 956 iam
643 896 735 956 sexta
760 890 885 955 ceruice
908 890 1027 956 feratur

252 999 327 1066 hinc
350 999 454 1090 adque
475 1000 548 1066 inde
571 1009 685 1090 patens
708 1022 746 1066 ac
768 999 853 1066 nuda
875 1023 977 1091 paene
1000 1001 1150 1069 cathedra

256 1119 289 1177 et
310 1110 446 1177 multum
469 1110 610 1177 referens
637 1111 676 1178 de
699 1110 887 1178 Maecenate
909 1112 1022 1203 supino

255 1222 398 1312 signator
420 1219 516 1300 salso,
539 1223 594 1314 qui
617 1246 652 1289 se
676 1198 799 1288 lautum
822 1222 926 1313 adque
949 1220 1080 1289 beatum

254 1332 376 1422 exiguis
399 1329 514 1397 tabulis
539 1340 570 1397 et
593 1356 724 1424 gemma
746 1334 867 1400 lecerat
889 1329 975 1398 uda?

254 1415 391 1509 occurrit
412 1451 558 1518 matrona
580 1452 714 1534 potens,
735 1466 819 1535 quae
841 1441 938 1509 molle
962 1442 1121 1513 Calenum

252 1562 439 1645 porrectura
463 1553 530 1620 uiro
553 1555 668 1620 miscet
691 1554 817 1621 sitiente
838 1553 999 1635 rubetam,

252 1665 449 1758 instituitque
470 1663 568 1729 rudes
589 1663 705 1730 melior
727 1662 869 1731 Lucusta
891 1666 1086 1756 propinquas

253 1798 312 1866 per
333 1772 451 1840 tamam
474 1782 506 1839 et
527 1772 685 1865 populum
707 1776 815 1866 nigros
839 1776 951 1843 ellerre
973 1778 1114 1843 maritos.

254 1886 337 1953 aude
361 1883 478 1975 aliquid
500 1882 654 1950 breuibus
678 1884 793 1975 Gyaris
817 1894 849 1952 et
871 1908 999 1953 carcere
1023 1886 1163 1977 dignum,

255 1997 281 2062 si
304 1996 352 2062 uis
375 2018 446 2061 esse
469 1993 596 2085 aliquid.
627 1995 771 2086 probitas
792 1994 940 2064 laudatur
963 2005 995 2064 et
1018 1996 1114 2088 alget.

253 2104 436 2173 criminibus
458 2103 574 2171 debent
595 2104 706 2172 hortos
727 2106 886 2197 praetoria
908 2128 1036 2172 mensas

255 2205 423 2307 argentum
445 2224 539 2281 uetus
561 2225 594 2282 et
617 2224 755 2283 stantem
778 2224 868 2285 extra
890 2214 1007 2307 pocula
1030 2240 1172 2310 caprum.

255 2348 352 2418 quem
373 2326 492 2417 patitur
514 2325 653 2394 dormire
677 2350 775 2395 nurus
799 2334 967 2417 corruptor
989 2350 1115 2412 auarae,

255 2460 352 2529 quem
376 2444 515 2528 sponsae
539 2446 650 2529 turpes
673 2447 705 2503 et
726 2444 945 2529 praetextatus
967 2436 1115 2507 adulter?

255 2548 282 2613 si
303 2554 415 2613 natura
438 2555 549 2639 negat,
572 2548 650 2615 lacit
670 2548 844 2640 indignatio
868 2571 998 2617 uersum

253 2656 520 2750 qualemcumque
542 2667 664 2750 potest,
687 2658 799 2750 quales
823 2682 883 2753 ego
906 2660 960 2728 uel
982 2660 1167 2731 Cluuienus.

337 2765 390 2833 Ex
412 2791 476 2860 quo
499 2767 679 2836 Deucalion
700 2769 814 2837 nimbis
838 2770 1020 2839 tollentibus
1043 2796 1164 2867 aequor

252 2878 382 2973 nauigio
404 2886 547 2946 montem
569 2880 713 2947 ascendit
734 2890 901 2974 sortesque
923 2884 1086 2974 poposcit,

251 2990 469 3082 paulatimque
491 2991 595 3057 anima
619 2987 785 3059 caluerunt
806 2992 915 3061 mollia
939 3017 1031 3077 saxa,

249 3228 297 3283 63.
318 3227 439 3282 Murius
453 3228 601 3283 Mercator
617 3228 677 3302 ps
695 3220 906 3285 Bcluz.:‘1lle
925 3246 994 3286 acne
1015 3238 1092 3288 curet
1110 3230 1144 3289 de
1163 3228 1245 3289 nobie
1264 3228 1362 3289 medic

249 3320 334 3361 ceras
348 3302 469 3380 implere
485 3321 611 3379 capaces
627 3296 799 3379 quadriuio?
866 3304 913 3363 64.
936 3306 1090 3381 quadr-uio
1101 3312 1136 3379 P,
1156 3307 1318 3385 quadrunio
1353 3349 1360 3366 .

249 3383 297 3438 65.
318 3379 414 3455 adque
436 3382 462 3435 P
479 3396 604 3454 eenrpcr:
626 3388 713 3454 atque
732 3399 751 3457 p
772 3398 892 3457 seniper.
972 3387 1018 3442 67.
1041 3388 1152 3461 signato
1173 3384 1249 3443 salso
1270 3327 1360 3443 Mad-

249 3456 933 3594 tttttrltrlatttt‘0‘f³'⁵t³1¹ttttt·..
953 3461 1340 3606 sll'diiiliasiffl‘k'

249 3616 297 3671 73.
318 3611 435 3669 breuius
455 3609 529 3668 Rob.
544 3614 639 3668 'l'ititta
659 3612 712 3670 loo.
724 3620 852 3671 controv.
863 3618 919 3684 IX,
930 3557 993 3675 289
1094 3619 1142 3676 74.
1163 3616 1273 3693 aliquid
1293 3620 1360 3675 Par:

248 3688 353 3765 aliquis
373 3686 435 3745 cdd.
518 3691 567 3747 75.
589 3689 752 3747 criminibus
773 3721 811 3731 -
831 3694 977 3768 praetoria
995 3694 1081 3753 aotut.
1106 3696 1161 3753 Gru
1184 3694 1359 3753 maeret.

248 3784 336 3822 cerm.
347 3770 375 3836 1,
386 3768 433 3833 35,
444 3769 492 3824 21.
591 3770 637 3824 80.
659 3767 884 3843 qualescumque
905 3786 932 3836 ς.
1034 3776 1082 3831 81.
1102 3714 1194 3829 retal.
1219 3772 1303 3848 chq.
1322 3771 1361 3830 od

248 3845 355 3901 ltorot.
378 3860 463 3901 curm.
476 3846 503 3910 1,
514 3847 584 3910 2,9;
603 3836 762 3902 ‘remeate
782 3844 941 3903 Deucalion
963 3846 1076 3926 lapides
1098 3868 1220 3906 uacuum
1241 3850 1359 3906 iactauit

248 3920 277 3976 in
299 3922 398 3977 orbem
420 3920 520 3996 [Verp.
535 3938 633 3996 pedro.
651 3925 679 3993 1,
695 3919 762 3995 62],
788 3932 818 3981 et
837 3924 968 3981 manibus
989 3926 1082 3984 nudas
1103 3925 1230 3984 ostendit
1249 3925 1359 4001 Pyrrha

247 3991 379 4073 puellas.¹
484 4000 548 4055 Vsa.
560 4000 608 4056 85.
619 4001 667 4057 86.
679 4002 726 4057 87.
738 4004 785 4059 81.
797 4004 845 4059 82.
858 4004 904 4059 88.
917 4003 964 4060 84.
976 4006 1014 4062 88
1034 4006 1216 4081 transposuit
1237 4005 1360 4079 Pinzger

247 4076 543 4149 IemLittztp1822.
564 4094 594 4132 n.
606 4080 655 4133 20.
760 4082 807 4135 83.
828 4078 1000 4155 paulatimqa
1020 4084 1063 4139 Ρ.
1164 4080 1259 4139 anima
1278 4082 1361 4147 Pae:

248 4151 358 4241 apimas
370 4170 404 4208 ro.
430 4151 627 4228 paulatimque
640 4155 751 4212 animas
767 4162 819 4213 ortt
835 4156 974 4234 paulatim
986 4160 1073 4235 inque
1087 4159 1197 4216 animas
1218 4160 1257 4218 N.
1270 4159 1360 4217 Hein-

247 4245 312 4283 asas
332 4226 370 4285 ad
393 4226 479 4286 Ouid.
493 4236 560 4287 met.
575 4232 627 4299 Vl,
638 4233 705 4288 ³12.
