<?xml version="1.0" encoding="UTF-8"?>
<!DOCTYPE html PUBLIC "-//W3C//DTD XHTML 1.0 Transitional//EN"
    "http://www.w3.org/TR/xhtml1/DTD/xhtml1-transitional.dtd">
<html xmlns="http://www.w3.org/1999/xhtml" xml:lang="en" lang="en">
 <head>
  <title>
</title>
<meta http-equiv="Content-Type" content="text/html;charset=utf-8" />
  <meta name='ocr-system' content='tesseract 3.04.00' />
  <meta name='ocr-capabilities' content='ocr_page ocr_carea ocr_par ocr_line ocrx_word'/>
</head>
<body>
  <div class='ocr_page' id='page_1' title='image "./diuniiiuvenalis00jahngoog_0533.png"; bbox 0 0 3025 4859; ppageno 0'>
   <div class='ocr_carea' id='block_1_1' title="bbox 600 372 1265 451">
    <p class='ocr_par' dir='ltr' id='par_1_1' title="bbox 600 372 1265 451">
     <span class='ocr_line' id='line_1_1' title="bbox 600 372 1265 451; baseline -0.002 -10"><span class='ocrx_word' id='word_1_1' title='bbox 600 386 746 443; x_wconf 75' lang='lat' dir='ltr'><strong>strant</strong></span> <span class='ocrx_word' id='word_1_2' title='bbox 764 387 815 442; x_wconf 88' lang='lat' dir='ltr'><strong>xr.</strong></span> <span class='ocrx_word' id='word_1_3' title='bbox 1186 372 1265 451; x_wconf 74' lang='grc'><strong>339</strong></span> 
     </span>
    </p>
   </div>
   <div class='ocr_carea' id='block_1_2' title="bbox 149 552 1389 3726">
    <p class='ocr_par' dir='ltr' id='par_1_2' title="bbox 155 552 1264 755">
     <span class='ocr_line' id='line_1_2' title="bbox 238 552 1264 647; baseline 0.006 -30"><span class='ocrx_word' id='word_1_4' title='bbox 238 552 289 617; x_wconf 85' lang='grc'><strong>64.</strong></span> <span class='ocrx_word' id='word_1_5' title='bbox 321 571 479 619; x_wconf 74' lang='lat' dir='ltr'><strong>renovet.</strong></span> <span class='ocrx_word' id='word_1_6' title='bbox 516 555 550 622; x_wconf 93' lang='lat' dir='ltr'><strong>id</strong></span> <span class='ocrx_word' id='word_1_7' title='bbox 573 563 631 639; x_wconf 88' lang='lat' dir='ltr'><strong>est,</strong></span> <span class='ocrx_word' id='word_1_8' title='bbox 655 557 799 624; x_wconf 84' lang='lat' dir='ltr'>ordinem</span> <span class='ocrx_word' id='word_1_9' title='bbox 820 556 959 625; x_wconf 89' lang='lat' dir='ltr'><strong>conuiuii</strong></span> <span class='ocrx_word' id='word_1_10' title='bbox 987 554 1148 635; x_wconf 87' lang='lat' dir='ltr'><strong>bodiemi,</strong></span> <span class='ocrx_word' id='word_1_11' title='bbox 1178 552 1264 647; x_wconf 88' lang='lat' dir='ltr'><strong>quod</strong></span> 
     </span>
     <span class='ocr_line' id='line_1_3' title="bbox 155 659 706 755; baseline 0.007 -25"><span class='ocrx_word' id='word_1_12' title='bbox 155 662 210 731; x_wconf 88' lang='lat' dir='ltr'><strong>tibi</strong></span> <span class='ocrx_word' id='word_1_13' title='bbox 233 659 407 729; x_wconf 83' lang='lat' dir='ltr'><strong>exibiturus</strong></span> <span class='ocrx_word' id='word_1_14' title='bbox 429 684 514 745; x_wconf 89' lang='lat' dir='ltr'><strong>sum,</strong></span> <span class='ocrx_word' id='word_1_15' title='bbox 537 686 706 755; x_wconf 83' lang='lat' dir='ltr'><strong>exponam.</strong></span> 
     </span>
    </p>

    <p class='ocr_par' dir='ltr' id='par_1_3' title="bbox 152 770 1301 1061">
     <span class='ocr_line' id='line_1_4' title="bbox 239 770 1264 870; baseline 0.004 -31"><span class='ocrx_word' id='word_1_16' title='bbox 239 772 290 839; x_wconf 79' lang='lat'><strong>65.</strong></span> <span class='ocrx_word' id='word_1_17' title='bbox 327 796 369 839; x_wconf 82' lang='lat' dir='ltr'><strong>nn</strong></span> <span class='ocrx_word' id='word_1_18' title='bbox 393 770 575 842; x_wconf 79' lang='lat' dir='ltr'><strong>&#39;fravarrao</strong></span> <span class='ocrx_word' id='word_1_19' title='bbox 597 798 629 841; x_wconf 88' lang='lat' dir='ltr'><strong>v.</strong></span> <span class='ocrx_word' id='word_1_20' title='bbox 650 800 680 845; x_wconf 76' lang='lat' dir='ltr'><strong>e.</strong></span> <span class='ocrx_word' id='word_1_21' title='bbox 704 800 735 845; x_wconf 87' lang='lat' dir='ltr'><strong>o.</strong></span> <span class='ocrx_word' id='word_1_22' title='bbox 771 778 902 859; x_wconf 86' lang='lat' dir='ltr'><strong>lactans,</strong></span> <span class='ocrx_word' id='word_1_23' title='bbox 931 779 985 870; x_wconf 90' lang='lat' dir='ltr'><strong>qui</strong></span> <span class='ocrx_word' id='word_1_24' title='bbox 1005 774 1110 845; x_wconf 88' lang='lat' dir='ltr'><strong>adbuc</strong></span> <span class='ocrx_word' id='word_1_25' title='bbox 1130 773 1264 843; x_wconf 83' lang='lat' dir='ltr'><strong>herbam</strong></span> 
     </span>
     <span class='ocr_line' id='line_1_5' title="bbox 153 880 1263 978; baseline 0.004 -28"><span class='ocrx_word' id='word_1_26' title='bbox 153 903 218 950; x_wconf 91' lang='lat' dir='ltr'><strong>non</strong></span> <span class='ocrx_word' id='word_1_27' title='bbox 240 882 381 976; x_wconf 84' lang='lat' dir='ltr'><strong>contigit.</strong></span> <span class='ocrx_word' id='word_1_28' title='bbox 402 892 438 951; x_wconf 92' lang='lat' dir='ltr'><strong>ut</strong></span> <span class='ocrx_word' id='word_1_29' title='bbox 459 880 610 977; x_wconf 75' lang='lat' dir='ltr'><strong>virginus</strong></span> <span class='ocrx_word' id='word_1_30' title='bbox 633 885 705 976; x_wconf 86' lang='lat' dir='ltr'><strong>[ccl.</strong></span> <span class='ocrx_word' id='word_1_31' title='bbox 728 885 764 969; x_wconf 84' lang='lat' dir='ltr'><strong>II,</strong></span> <span class='ocrx_word' id='word_1_32' title='bbox 785 889 858 978; x_wconf 77' lang='lat'>421:</span> <span class='ocrx_word' id='word_1_33' title='bbox 875 883 954 956; x_wconf 88' lang='lat' dir='ltr'><strong>‘una</strong></span> <span class='ocrx_word' id='word_1_34' title='bbox 975 888 1027 955; x_wconf 87' lang='lat' dir='ltr'><strong>die</strong></span> <span class='ocrx_word' id='word_1_35' title='bbox 1049 888 1170 955; x_wconf 87' lang='lat' dir='ltr'><strong>siccant</strong></span> <span class='ocrx_word' id='word_1_36' title='bbox 1193 887 1263 954; x_wconf 88' lang='lat' dir='ltr'><strong>ouis</strong></span> 
     </span>
     <span class='ocr_line' id='line_1_6' title="bbox 152 987 1301 1061; baseline -0.01 -1"><span class='ocrx_word' id='word_1_37' title='bbox 152 987 271 1061; x_wconf 72' lang='lat' dir='ltr'><strong>ubera?</strong></span> <span class='ocrx_word' id='word_1_38' title='bbox 1287 1009 1301 1049; x_wconf 85' lang='lat' dir='ltr'><strong>s</strong></span> 
     </span>
    </p>

    <p class='ocr_par' dir='ltr' id='par_1_4' title="bbox 240 1105 966 1197">
     <span class='ocr_line' id='line_1_7' title="bbox 240 1105 966 1197; baseline 0.003 -25"><span class='ocrx_word' id='word_1_39' title='bbox 240 1105 290 1172; x_wconf 87' lang='grc'><strong>68.</strong></span> <span class='ocrx_word' id='word_1_40' title='bbox 313 1126 357 1169; x_wconf 81' lang='lat' dir='ltr'><strong>nr</strong></span> <span class='ocrx_word' id='word_1_41' title='bbox 379 1126 533 1173; x_wconf 83' lang='lat' dir='ltr'><strong>uouraru.</strong></span> <span class='ocrx_word' id='word_1_42' title='bbox 556 1108 630 1197; x_wconf 85' lang='lat' dir='ltr'><strong>quia</strong></span> <span class='ocrx_word' id='word_1_43' title='bbox 652 1116 726 1175; x_wconf 89' lang='lat' dir='ltr'><strong>sunt</strong></span> <span class='ocrx_word' id='word_1_44' title='bbox 748 1117 781 1175; x_wconf 91' lang='lat' dir='ltr'><strong>et</strong></span> <span class='ocrx_word' id='word_1_45' title='bbox 801 1110 833 1176; x_wconf 94' lang='lat' dir='ltr'><strong>in</strong></span> <span class='ocrx_word' id='word_1_46' title='bbox 854 1109 966 1175; x_wconf 85' lang='lat' dir='ltr'><strong>hortis.</strong></span> 
     </span>
    </p>

    <p class='ocr_par' dir='ltr' id='par_1_5' title="bbox 239 1216 1177 1310">
     <span class='ocr_line' id='line_1_8' title="bbox 239 1216 1177 1310; baseline 0.004 -30"><span class='ocrx_word' id='word_1_47' title='bbox 239 1216 290 1281; x_wconf 90' lang='grc'><strong>70.</strong></span> <span class='ocrx_word' id='word_1_48' title='bbox 314 1236 521 1282; x_wconf 75' lang='lat' dir='ltr'><strong>catenans.</strong></span> <span class='ocrx_word' id='word_1_49' title='bbox 544 1240 573 1284; x_wconf 84' lang='lat' dir='ltr'><strong>n.</strong></span> <span class='ocrx_word' id='word_1_50' title='bbox 602 1220 740 1285; x_wconf 72' lang='lat' dir='ltr'><strong>recentia</strong></span> <span class='ocrx_word' id='word_1_51' title='bbox 763 1240 825 1286; x_wconf 84' lang='lat' dir='ltr'><strong>oua</strong></span> <span class='ocrx_word' id='word_1_52' title='bbox 848 1240 922 1285; x_wconf 93' lang='lat' dir='ltr'><strong>cum</strong></span> <span class='ocrx_word' id='word_1_53' title='bbox 943 1219 1020 1310; x_wconf 83' lang='lat' dir='ltr'><strong>ipsis</strong></span> <span class='ocrx_word' id='word_1_54' title='bbox 1042 1217 1177 1310; x_wconf 78' lang='lat' dir='ltr'><strong>gallinis.</strong></span> 
     </span>
    </p>

    <p class='ocr_par' dir='ltr' id='par_1_6' title="bbox 238 1325 1389 1420">
     <span class='ocr_line' id='line_1_9' title="bbox 238 1325 1389 1420; baseline 0.007 -31"><span class='ocrx_word' id='word_1_55' title='bbox 238 1325 289 1391; x_wconf 83' lang='lat'><strong>72.</strong></span> <span class='ocrx_word' id='word_1_56' title='bbox 312 1347 344 1391; x_wconf 82' lang='lat' dir='ltr'><strong>ru</strong></span> <span class='ocrx_word' id='word_1_57' title='bbox 366 1348 495 1392; x_wconf 81' lang='lat' dir='ltr'><strong>vrrrsvs</strong></span> <span class='ocrx_word' id='word_1_58' title='bbox 518 1349 615 1393; x_wconf 83' lang='lat' dir='ltr'><strong>vvns.</strong></span> <span class='ocrx_word' id='word_1_59' title='bbox 642 1350 735 1409; x_wconf 88' lang='lat' dir='ltr'><strong>uuae,</strong></span> <span class='ocrx_word' id='word_1_60' title='bbox 758 1352 837 1420; x_wconf 88' lang='lat' dir='ltr'><strong>quaa</strong></span> <span class='ocrx_word' id='word_1_61' title='bbox 859 1350 1031 1419; x_wconf 84' lang='lat' dir='ltr'><strong>suspensas</strong></span> <span class='ocrx_word' id='word_1_62' title='bbox 1053 1329 1263 1396; x_wconf 86' lang='lat' dir='ltr'><strong>seruauimus.</strong></span> <span class='ocrx_word' id='word_1_63' title='bbox 1383 1400 1389 1409; x_wconf 72' lang='grc'><strong>,</strong></span> 
     </span>
    </p>

    <p class='ocr_par' dir='ltr' id='par_1_7' title="bbox 240 1434 945 1530">
     <span class='ocr_line' id='line_1_10' title="bbox 240 1434 945 1530; baseline 0.009 -32"><span class='ocrx_word' id='word_1_64' title='bbox 240 1435 291 1500; x_wconf 88' lang='grc'><strong>74.</strong></span> <span class='ocrx_word' id='word_1_65' title='bbox 315 1457 447 1503; x_wconf 79' lang='lat' dir='ltr'><strong>nauvos</strong></span> <span class='ocrx_word' id='word_1_66' title='bbox 470 1434 611 1506; x_wconf 77' lang='lat' dir='ltr'><strong>Proetus.</strong></span> <span class='ocrx_word' id='word_1_67' title='bbox 635 1447 797 1530; x_wconf 64' lang='lat' dir='ltr'><strong>umquam</strong></span> <span class='ocrx_word' id='word_1_68' title='bbox 818 1438 945 1507; x_wconf 88' lang='lat' dir='ltr'><strong>Picena.</strong></span> 
     </span>
    </p>

    <p class='ocr_par' dir='ltr' id='par_1_8' title="bbox 154 1546 1301 1751">
     <span class='ocr_line' id='line_1_11' title="bbox 239 1546 1301 1640; baseline 0.008 -31"><span class='ocrx_word' id='word_1_69' title='bbox 239 1546 290 1611; x_wconf 88' lang='grc'><strong>76.</strong></span> <span class='ocrx_word' id='word_1_70' title='bbox 319 1568 513 1615; x_wconf 76' lang='lat' dir='ltr'><strong>nervuuvu.</strong></span> <span class='ocrx_word' id='word_1_71' title='bbox 545 1546 608 1634; x_wconf 85' lang='grc'><strong>[75.</strong></span> <span class='ocrx_word' id='word_1_72' title='bbox 631 1551 795 1639; x_wconf 77' lang='lat' dir='ltr'><strong>raroonal.</strong></span> <span class='ocrx_word' id='word_1_73' title='bbox 825 1549 939 1617; x_wconf 88' lang='lat' dir='ltr'><strong>hieme.</strong></span> <span class='ocrx_word' id='word_1_74' title='bbox 961 1571 1037 1616; x_wconf 90' lang='lat' dir='ltr'><strong>nam</strong></span> <span class='ocrx_word' id='word_1_75' title='bbox 1058 1550 1144 1616; x_wconf 87' lang='lat' dir='ltr'><strong>sicca</strong></span> <span class='ocrx_word' id='word_1_76' title='bbox 1165 1566 1301 1640; x_wconf 67' lang='lat' dir='ltr'><strong>pomam</strong></span> 
     </span>
     <span class='ocr_line' id='line_1_12' title="bbox 154 1656 1056 1751; baseline 0.001 -26"><span class='ocrx_word' id='word_1_77' title='bbox 154 1678 218 1725; x_wconf 90' lang='lat' dir='ltr'><strong>non</strong></span> <span class='ocrx_word' id='word_1_78' title='bbox 240 1657 371 1723; x_wconf 76' lang='lat' dir='ltr'><strong>incitant</strong></span> <span class='ocrx_word' id='word_1_79' title='bbox 393 1656 541 1723; x_wconf 88' lang='lat' dir='ltr'><strong>morbum</strong></span> <span class='ocrx_word' id='word_1_80' title='bbox 562 1656 696 1727; x_wconf 87' lang='lat' dir='ltr'><strong>hamore</strong></span> <span class='ocrx_word' id='word_1_81' title='bbox 717 1662 834 1728; x_wconf 89' lang='lat' dir='ltr'><strong>nociuo</strong></span> <span class='ocrx_word' id='word_1_82' title='bbox 857 1668 1056 1751; x_wconf 87' lang='lat' dir='ltr'><strong>consumpto.</strong></span> 
     </span>
    </p>

    <p class='ocr_par' dir='ltr' id='par_1_9' title="bbox 241 1766 982 1862">
     <span class='ocr_line' id='line_1_13' title="bbox 241 1766 982 1862; baseline 0.005 -31"><span class='ocrx_word' id='word_1_83' title='bbox 241 1768 294 1833; x_wconf 84' lang='grc'><strong>76.</strong></span> <span class='ocrx_word' id='word_1_84' title='bbox 317 1789 397 1833; x_wconf 85' lang='lat' dir='ltr'><strong>svcr.</strong></span> <span class='ocrx_word' id='word_1_85' title='bbox 420 1766 452 1833; x_wconf 93' lang='lat' dir='ltr'><strong>id</strong></span> <span class='ocrx_word' id='word_1_86' title='bbox 474 1774 531 1847; x_wconf 81' lang='lat' dir='ltr'><strong>est,</strong></span> <span class='ocrx_word' id='word_1_87' title='bbox 553 1768 617 1835; x_wconf 86' lang='lat' dir='ltr'><strong>iam</strong></span> <span class='ocrx_word' id='word_1_88' title='bbox 640 1767 763 1862; x_wconf 85' lang='lat' dir='ltr'><strong>digesto</strong></span> <span class='ocrx_word' id='word_1_89' title='bbox 786 1791 865 1837; x_wconf 91' lang='lat' dir='ltr'><strong>suco</strong></span> <span class='ocrx_word' id='word_1_90' title='bbox 887 1769 982 1837; x_wconf 83' lang='lat' dir='ltr'><strong>malo.</strong></span> 
     </span>
    </p>

    <p class='ocr_par' dir='ltr' id='par_1_10' title="bbox 155 1876 1263 2084">
     <span class='ocr_line' id='line_1_14' title="bbox 239 1876 1263 1974; baseline 0.01 -33"><span class='ocrx_word' id='word_1_91' title='bbox 239 1878 289 1943; x_wconf 89' lang='lat'><strong>77.</strong></span> <span class='ocrx_word' id='word_1_92' title='bbox 314 1876 411 1946; x_wconf 78' lang='lat' dir='ltr'><strong>&#39;naso</strong></span> <span class='ocrx_word' id='word_1_93' title='bbox 435 1900 522 1946; x_wconf 83' lang='lat' dir='ltr'><strong>osru.</strong></span> <span class='ocrx_word' id='word_1_94' title='bbox 560 1878 592 1947; x_wconf 95' lang='lat' dir='ltr'><strong>id</strong></span> <span class='ocrx_word' id='word_1_95' title='bbox 615 1886 664 1946; x_wconf 89' lang='lat' dir='ltr'><strong>est</strong></span> <span class='ocrx_word' id='word_1_96' title='bbox 687 1888 828 1961; x_wconf 86' lang='lat' dir='ltr'><strong>ueteres,</strong></span> <span class='ocrx_word' id='word_1_97' title='bbox 861 1881 915 1970; x_wconf 91' lang='lat' dir='ltr'><strong>qui</strong></span> <span class='ocrx_word' id='word_1_98' title='bbox 943 1880 1018 1948; x_wconf 87' lang='lat' dir='ltr'><strong>licet</strong></span> <span class='ocrx_word' id='word_1_99' title='bbox 1039 1882 1144 1952; x_wconf 89' lang='lat' dir='ltr'><strong>adhuc</strong></span> <span class='ocrx_word' id='word_1_100' title='bbox 1166 1904 1263 1974; x_wconf 85' lang='lat' dir='ltr'><strong>parce</strong></span> 
     </span>
     <span class='ocr_line' id='line_1_15' title="bbox 155 1988 1231 2084; baseline 0.001 -27"><span class='ocrx_word' id='word_1_101' title='bbox 155 1988 310 2069; x_wconf 88' lang='lat' dir='ltr'><strong>uiuerent,</strong></span> <span class='ocrx_word' id='word_1_102' title='bbox 333 1997 439 2056; x_wconf 89' lang='lat' dir='ltr'><strong>tamen</strong></span> <span class='ocrx_word' id='word_1_103' title='bbox 460 1990 524 2055; x_wconf 89' lang='lat' dir='ltr'><strong>iam</strong></span> <span class='ocrx_word' id='word_1_104' title='bbox 547 1991 709 2082; x_wconf 84' lang='lat' dir='ltr'><strong>antiquam</strong></span> <span class='ocrx_word' id='word_1_105' title='bbox 732 1990 957 2083; x_wconf 77' lang='lat' dir='ltr'><strong>parsimoniam</strong></span> <span class='ocrx_word' id='word_1_106' title='bbox 978 1992 1231 2084; x_wconf 80' lang='lat' dir='ltr'><strong>egrediebantur.</strong></span> 
     </span>
    </p>

    <p class='ocr_par' dir='ltr' id='par_1_11' title="bbox 149 2098 1299 2524">
     <span class='ocr_line' id='line_1_16' title="bbox 240 2098 1299 2192; baseline 0 -28"><span class='ocrx_word' id='word_1_107' title='bbox 240 2100 290 2169; x_wconf 92' lang='grc'><strong>78.</strong></span> <span class='ocrx_word' id='word_1_108' title='bbox 315 2098 478 2189; x_wconf 81' lang='lat' dir='ltr'><strong>[Cvnrvs].</strong></span> <span class='ocrx_word' id='word_1_109' title='bbox 502 2099 542 2165; x_wconf 94' lang='lat' dir='ltr'><strong>de</strong></span> <span class='ocrx_word' id='word_1_110' title='bbox 563 2099 625 2168; x_wconf 92' lang='lat' dir='ltr'><strong>hoc</strong></span> <span class='ocrx_word' id='word_1_111' title='bbox 641 2099 756 2168; x_wconf 87' lang='lat' dir='ltr'><strong>Cicero</strong></span> <span class='ocrx_word' id='word_1_112' title='bbox 779 2102 812 2167; x_wconf 93' lang='lat' dir='ltr'><strong>iu</strong></span> <span class='ocrx_word' id='word_1_113' title='bbox 827 2100 951 2168; x_wconf 89' lang='lat' dir='ltr'><strong>Catone</strong></span> <span class='ocrx_word' id='word_1_114' title='bbox 974 2103 1093 2169; x_wconf 87' lang='lat' dir='ltr'><strong>maiore</strong></span> <span class='ocrx_word' id='word_1_115' title='bbox 1116 2102 1180 2190; x_wconf 77' lang='lat'><strong>[1⁶.</strong></span> <span class='ocrx_word' id='word_1_116' title='bbox 1190 2103 1260 2192; x_wconf 77' lang='lat'>551:</span> <span class='ocrx_word' id='word_1_117' title='bbox 1274 2124 1299 2165; x_wconf 84' lang='lat' dir='ltr'><strong>ss</strong></span> 
     </span>
     <span class='ocr_line' id='line_1_17' title="bbox 149 2204 1263 2302; baseline 0.001 -23"><span class='ocrx_word' id='word_1_118' title='bbox 149 2204 263 2279; x_wconf 87' lang='lat' dir='ltr'><strong>‘Curio</strong></span> <span class='ocrx_word' id='word_1_119' title='bbox 287 2210 326 2278; x_wconf 92' lang='lat' dir='ltr'><strong>ad</strong></span> <span class='ocrx_word' id='word_1_120' title='bbox 349 2212 457 2278; x_wconf 87' lang='lat' dir='ltr'><strong>iocum</strong></span> <span class='ocrx_word' id='word_1_121' title='bbox 479 2209 600 2278; x_wconf 85' lang='lat' dir='ltr'><strong>sedenti</strong></span> <span class='ocrx_word' id='word_1_122' title='bbox 623 2233 776 2302; x_wconf 83' lang='lat' dir='ltr'><strong>magnum</strong></span> <span class='ocrx_word' id='word_1_123' title='bbox 791 2212 859 2277; x_wconf 88' lang='lat' dir='ltr'><strong>anri</strong></span> <span class='ocrx_word' id='word_1_124' title='bbox 873 2211 999 2301; x_wconf 86' lang='lat' dir='ltr'><strong>pondus</strong></span> <span class='ocrx_word' id='word_1_125' title='bbox 1012 2210 1173 2279; x_wconf 79' lang='lat' dir='ltr'><strong>Samnites</strong></span> <span class='ocrx_word' id='word_1_126' title='bbox 1188 2236 1263 2280; x_wconf 91' lang='lat' dir='ltr'><strong>cum</strong></span> 
     </span>
     <span class='ocr_line' id='line_1_18' title="bbox 154 2318 1262 2413; baseline -0.001 -23"><span class='ocrx_word' id='word_1_127' title='bbox 154 2320 357 2403; x_wconf 87' lang='lat' dir='ltr'><strong>obtulissent,</strong></span> <span class='ocrx_word' id='word_1_128' title='bbox 381 2320 536 2413; x_wconf 81' lang='lat' dir='ltr'><strong>repudiati</strong></span> <span class='ocrx_word' id='word_1_129' title='bbox 558 2332 640 2390; x_wconf 81' lang='lat' dir='ltr'><strong>sunt</strong></span> <span class='ocrx_word' id='word_1_130' title='bbox 673 2342 748 2388; x_wconf 82' lang='lat' dir='ltr'><strong>nam</strong></span> <span class='ocrx_word' id='word_1_131' title='bbox 774 2342 888 2387; x_wconf 86' lang='lat' dir='ltr'><strong>aarum</strong></span> <span class='ocrx_word' id='word_1_132' title='bbox 917 2318 1036 2387; x_wconf 86' lang='lat' dir='ltr'><strong>habere</strong></span> <span class='ocrx_word' id='word_1_133' title='bbox 1062 2320 1262 2411; x_wconf 82' lang='lat' dir='ltr'><strong>praeclarum</strong></span> 
     </span>
     <span class='ocr_line' id='line_1_19' title="bbox 153 2426 1164 2524; baseline -0.001 -24"><span class='ocrx_word' id='word_1_134' title='bbox 153 2432 213 2500; x_wconf 89' lang='lat' dir='ltr'><strong>sibi</strong></span> <span class='ocrx_word' id='word_1_135' title='bbox 233 2431 343 2500; x_wconf 91' lang='lat' dir='ltr'><strong>uidere</strong></span> <span class='ocrx_word' id='word_1_136' title='bbox 365 2431 452 2513; x_wconf 88' lang='lat' dir='ltr'><strong>dixit,</strong></span> <span class='ocrx_word' id='word_1_137' title='bbox 475 2432 531 2499; x_wconf 88' lang='lat' dir='ltr'><strong>sed</strong></span> <span class='ocrx_word' id='word_1_138' title='bbox 554 2430 603 2499; x_wconf 93' lang='lat' dir='ltr'><strong>his</strong></span> <span class='ocrx_word' id='word_1_139' title='bbox 626 2432 680 2524; x_wconf 92' lang='lat' dir='ltr'><strong>qui</strong></span> <span class='ocrx_word' id='word_1_140' title='bbox 702 2430 820 2498; x_wconf 86' lang='lat' dir='ltr'><strong>babent</strong></span> <span class='ocrx_word' id='word_1_141' title='bbox 842 2451 964 2510; x_wconf 86' lang='lat' dir='ltr'><strong>aurum,</strong></span> <span class='ocrx_word' id='word_1_142' title='bbox 986 2426 1164 2522; x_wconf 70' lang='lat' dir='ltr'><strong>imperare?</strong></span> 
     </span>
    </p>

    <p class='ocr_par' dir='ltr' id='par_1_12' title="bbox 239 2541 841 2633">
     <span class='ocr_line' id='line_1_20' title="bbox 239 2541 841 2633; baseline -0.008 -24"><span class='ocrx_word' id='word_1_143' title='bbox 239 2544 290 2609; x_wconf 86' lang='grc'><strong>80.</strong></span> <span class='ocrx_word' id='word_1_144' title='bbox 314 2565 465 2610; x_wconf 76' lang='lat' dir='ltr'><strong>couneus</strong></span> <span class='ocrx_word' id='word_1_145' title='bbox 486 2566 514 2609; x_wconf 86' lang='lat' dir='ltr'><strong>r.</strong></span> <span class='ocrx_word' id='word_1_146' title='bbox 542 2544 637 2609; x_wconf 76' lang='lat' dir='ltr'><strong>fossis</strong></span> <span class='ocrx_word' id='word_1_147' title='bbox 659 2541 841 2633; x_wconf 77' lang='lat' dir='ltr'><strong>frequentis.</strong></span> 
     </span>
    </p>

    <p class='ocr_par' dir='ltr' id='par_1_13' title="bbox 238 2648 1300 2745">
     <span class='ocr_line' id='line_1_21' title="bbox 238 2648 1300 2745; baseline -0.003 -26"><span class='ocrx_word' id='word_1_148' title='bbox 238 2652 290 2719; x_wconf 86' lang='grc'><strong>82.</strong></span> <span class='ocrx_word' id='word_1_149' title='bbox 313 2676 431 2721; x_wconf 78' lang='lat' dir='ltr'><strong>onnus.</strong></span> <span class='ocrx_word' id='word_1_150' title='bbox 452 2655 485 2722; x_wconf 92' lang='lat' dir='ltr'><strong>in</strong></span> <span class='ocrx_word' id='word_1_151' title='bbox 506 2663 595 2745; x_wconf 83' lang='lat' dir='ltr'><strong>grate</strong></span> <span class='ocrx_word' id='word_1_152' title='bbox 617 2652 760 2743; x_wconf 87' lang='lat' dir='ltr'><strong>pendens</strong></span> <span class='ocrx_word' id='word_1_153' title='bbox 780 2648 924 2718; x_wconf 88' lang='lat' dir='ltr'><strong>laridum.</strong></span> <span class='ocrx_word' id='word_1_154' title='bbox 1273 2672 1300 2716; x_wconf 79' lang='lat' dir='ltr'><strong>aa</strong></span> 
     </span>
    </p>

    <p class='ocr_par' dir='ltr' id='par_1_14' title="bbox 152 2760 1260 2943">
     <span class='ocr_line' id='line_1_22' title="bbox 239 2760 1260 2851; baseline 0.001 -22"><span class='ocrx_word' id='word_1_155' title='bbox 239 2762 290 2829; x_wconf 84' lang='lat'><strong>83.</strong></span> <span class='ocrx_word' id='word_1_156' title='bbox 324 2788 419 2833; x_wconf 79' lang='lat' dir='ltr'><strong>noars</strong></span> <span class='ocrx_word' id='word_1_157' title='bbox 442 2786 537 2831; x_wconf 78' lang='lat' dir='ltr'><strong>anan.</strong></span> <span class='ocrx_word' id='word_1_158' title='bbox 575 2762 607 2830; x_wconf 91' lang='lat' dir='ltr'><strong>id</strong></span> <span class='ocrx_word' id='word_1_159' title='bbox 635 2769 698 2843; x_wconf 87' lang='lat' dir='ltr'><strong>est,</strong></span> <span class='ocrx_word' id='word_1_160' title='bbox 727 2768 852 2829; x_wconf 89' lang='lat' dir='ltr'><strong>utnon</strong></span> <span class='ocrx_word' id='word_1_161' title='bbox 878 2766 1059 2851; x_wconf 79' lang='lat' dir='ltr'><strong>tangerent,</strong></span> <span class='ocrx_word' id='word_1_162' title='bbox 1090 2760 1150 2829; x_wconf 86' lang='lat' dir='ltr'><strong>nisi</strong></span> <span class='ocrx_word' id='word_1_163' title='bbox 1172 2762 1260 2831; x_wconf 83' lang='lat' dir='ltr'><strong>iestis</strong></span> 
     </span>
     <span class='ocr_line' id='line_1_23' title="bbox 152 2872 273 2943; baseline -0.041 1"><span class='ocrx_word' id='word_1_164' title='bbox 152 2872 273 2943; x_wconf 86' lang='lat' dir='ltr'><strong>diebus.</strong></span> 
     </span>
    </p>

    <p class='ocr_par' dir='ltr' id='par_1_15' title="bbox 151 2976 1261 3184">
     <span class='ocr_line' id='line_1_24' title="bbox 236 2976 1261 3073; baseline 0 -22"><span class='ocrx_word' id='word_1_165' title='bbox 236 2984 287 3051; x_wconf 83' lang='lat'><strong>85.</strong></span> <span class='ocrx_word' id='word_1_166' title='bbox 310 3008 505 3055; x_wconf 78' lang='lat' dir='ltr'><strong>accensura</strong></span> <span class='ocrx_word' id='word_1_167' title='bbox 527 3006 621 3053; x_wconf 81' lang='lat' dir='ltr'><strong>aava.</strong></span> <span class='ocrx_word' id='word_1_168' title='bbox 645 2985 774 3052; x_wconf 87' lang='lat' dir='ltr'><strong>recenti.</strong></span> <span class='ocrx_word' id='word_1_169' title='bbox 803 3004 896 3051; x_wconf 79' lang='lat' dir='ltr'><strong>nova.</strong></span> <span class='ocrx_word' id='word_1_170' title='bbox 925 2988 962 3048; x_wconf 82' lang='lat' dir='ltr'><strong>ut</strong></span> <span class='ocrx_word' id='word_1_171' title='bbox 984 2976 1159 3073; x_wconf 76' lang='lat' dir='ltr'><strong>[Vergilius</strong></span> <span class='ocrx_word' id='word_1_172' title='bbox 1181 2984 1261 3053; x_wconf 81' lang='lat' dir='ltr'><strong>Aen.</strong></span> 
     </span>
     <span class='ocr_line' id='line_1_25' title="bbox 151 3090 620 3184; baseline -0.002 -21"><span class='ocrx_word' id='word_1_173' title='bbox 151 3092 193 3177; x_wconf 90' lang='lat' dir='ltr'><strong>V,</strong></span> <span class='ocrx_word' id='word_1_174' title='bbox 216 3096 287 3184; x_wconf 74' lang='lat'><strong>781:</strong></span> <span class='ocrx_word' id='word_1_175' title='bbox 309 3090 389 3164; x_wconf 86' lang='lat' dir='ltr'><strong>‘duo</strong></span> <span class='ocrx_word' id='word_1_176' title='bbox 412 3095 495 3165; x_wconf 86' lang='lat' dir='ltr'><strong>lacte</strong></span> <span class='ocrx_word' id='word_1_177' title='bbox 516 3090 620 3163; x_wconf 72' lang='lat' dir='ltr'><strong>nouo?</strong></span> 
     </span>
    </p>

    <p class='ocr_par' dir='ltr' id='par_1_16' title="bbox 237 3205 1300 3297">
     <span class='ocr_line' id='line_1_26' title="bbox 237 3205 1300 3297; baseline -0.006 -25"><span class='ocrx_word' id='word_1_178' title='bbox 237 3207 288 3273; x_wconf 88' lang='grc'><strong>87.</strong></span> <span class='ocrx_word' id='word_1_179' title='bbox 313 3231 503 3276; x_wconf 78' lang='lat' dir='ltr'><strong>casraonvu</strong></span> <span class='ocrx_word' id='word_1_180' title='bbox 525 3231 570 3276; x_wconf 81' lang='lat' dir='ltr'><strong>ru.</strong></span> <span class='ocrx_word' id='word_1_181' title='bbox 599 3206 673 3287; x_wconf 86' lang='lat' dir='ltr'><strong>dux,</strong></span> <span class='ocrx_word' id='word_1_182' title='bbox 696 3205 849 3297; x_wconf 72' lang='lat' dir='ltr'><strong>magister</strong></span> <span class='ocrx_word' id='word_1_183' title='bbox 870 3206 1038 3273; x_wconf 79' lang='lat' dir='ltr'><strong>exercitus.</strong></span> <span class='ocrx_word' id='word_1_184' title='bbox 1089 3262 1097 3283; x_wconf 74' lang='grc'><strong>,</strong></span> <span class='ocrx_word' id='word_1_185' title='bbox 1273 3224 1300 3266; x_wconf 84' lang='lat' dir='ltr'><strong>as</strong></span> 
     </span>
    </p>

    <p class='ocr_par' dir='ltr' id='par_1_17' title="bbox 238 3312 1208 3397">
     <span class='ocr_line' id='line_1_27' title="bbox 238 3312 1208 3397; baseline -0.004 -12"><span class='ocrx_word' id='word_1_186' title='bbox 238 3318 290 3385; x_wconf 89' lang='grc'><strong>88.</strong></span> <span class='ocrx_word' id='word_1_187' title='bbox 314 3340 428 3385; x_wconf 77' lang='lat' dir='ltr'><strong>sonmo</strong></span> <span class='ocrx_word' id='word_1_188' title='bbox 449 3342 483 3385; x_wconf 85' lang='lat' dir='ltr'><strong>u.</strong></span> <span class='ocrx_word' id='word_1_189' title='bbox 506 3342 537 3384; x_wconf 82' lang='lat' dir='ltr'><strong>r.</strong></span> <span class='ocrx_word' id='word_1_190' title='bbox 561 3340 590 3384; x_wconf 86' lang='lat' dir='ltr'><strong>n.</strong></span> <span class='ocrx_word' id='word_1_191' title='bbox 614 3318 706 3385; x_wconf 87' lang='lat' dir='ltr'><strong>citius</strong></span> <span class='ocrx_word' id='word_1_192' title='bbox 728 3317 831 3397; x_wconf 84' lang='lat' dir='ltr'><strong>solito,</strong></span> <span class='ocrx_word' id='word_1_193' title='bbox 854 3324 927 3382; x_wconf 89' lang='lat' dir='ltr'><strong>onte</strong></span> <span class='ocrx_word' id='word_1_194' title='bbox 948 3312 1061 3381; x_wconf 90' lang='lat' dir='ltr'><strong>horam</strong></span> <span class='ocrx_word' id='word_1_195' title='bbox 1081 3335 1208 3383; x_wconf 89' lang='lat' dir='ltr'><strong>nouam.</strong></span> 
     </span>
    </p>

    <p class='ocr_par' dir='ltr' id='par_1_18' title="bbox 152 3423 1262 3629">
     <span class='ocr_line' id='line_1_28' title="bbox 238 3423 1262 3516; baseline 0.001 -22"><span class='ocrx_word' id='word_1_196' title='bbox 238 3428 291 3495; x_wconf 85' lang='grc'><strong>89.</strong></span> <span class='ocrx_word' id='word_1_197' title='bbox 322 3450 478 3496; x_wconf 80' lang='lat' dir='ltr'><strong>snncnvu</strong></span> <span class='ocrx_word' id='word_1_198' title='bbox 500 3453 532 3496; x_wconf 87' lang='lat' dir='ltr'><strong>n.</strong></span> <span class='ocrx_word' id='word_1_199' title='bbox 556 3451 587 3495; x_wconf 80' lang='grc' dir='ltr'><strong>τ.</strong></span> <span class='ocrx_word' id='word_1_200' title='bbox 612 3451 640 3494; x_wconf 85' lang='lat' dir='ltr'><strong>n.</strong></span> <span class='ocrx_word' id='word_1_201' title='bbox 663 3450 692 3493; x_wconf 84' lang='lat' dir='ltr'><strong>r.</strong></span> <span class='ocrx_word' id='word_1_202' title='bbox 726 3424 795 3493; x_wconf 85' lang='lat' dir='ltr'><strong>sola</strong></span> <span class='ocrx_word' id='word_1_203' title='bbox 818 3425 969 3516; x_wconf 77' lang='lat' dir='ltr'><strong>dignitate</strong></span> <span class='ocrx_word' id='word_1_204' title='bbox 992 3423 1078 3492; x_wconf 86' lang='lat' dir='ltr'><strong>clari.</strong></span> <span class='ocrx_word' id='word_1_205' title='bbox 1104 3448 1180 3491; x_wconf 91' lang='lat' dir='ltr'><strong>nam</strong></span> <span class='ocrx_word' id='word_1_206' title='bbox 1200 3450 1262 3495; x_wconf 88' lang='lat' dir='ltr'><strong>nec</strong></span> 
     </span>
     <span class='ocr_line' id='line_1_29' title="bbox 152 3533 1240 3629; baseline -0.002 -24"><span class='ocrx_word' id='word_1_207' title='bbox 152 3537 291 3629; x_wconf 90' lang='lat' dir='ltr'><strong>superbi,</strong></span> <span class='ocrx_word' id='word_1_208' title='bbox 313 3560 373 3605; x_wconf 90' lang='lat' dir='ltr'><strong>nec</strong></span> <span class='ocrx_word' id='word_1_209' title='bbox 394 3538 517 3607; x_wconf 83' lang='lat' dir='ltr'><strong>diuites.</strong></span> <span class='ocrx_word' id='word_1_210' title='bbox 583 3560 694 3607; x_wconf 77' lang='lat' dir='ltr'><strong>noune</strong></span> <span class='ocrx_word' id='word_1_211' title='bbox 709 3560 739 3604; x_wconf 83' lang='lat' dir='ltr'><strong>r..</strong></span> <span class='ocrx_word' id='word_1_212' title='bbox 756 3558 787 3602; x_wconf 91' lang='lat' dir='ltr'><strong>o.</strong></span> <span class='ocrx_word' id='word_1_213' title='bbox 802 3556 832 3603; x_wconf 85' lang='lat' dir='ltr'><strong>n.</strong></span> <span class='ocrx_word' id='word_1_214' title='bbox 854 3540 950 3615; x_wconf 87' lang='lat' dir='ltr'><strong>tosso,</strong></span> <span class='ocrx_word' id='word_1_215' title='bbox 972 3533 1106 3601; x_wconf 87' lang='lat' dir='ltr'><strong>subacto</strong></span> <span class='ocrx_word' id='word_1_216' title='bbox 1122 3544 1240 3603; x_wconf 85' lang='lat' dir='ltr'><strong>monte.</strong></span> 
     </span>
    </p>

    <p class='ocr_par' dir='ltr' id='par_1_19' title="bbox 237 3645 1262 3726">
     <span class='ocr_line' id='line_1_30' title="bbox 237 3645 1262 3726; baseline 0 -11"><span class='ocrx_word' id='word_1_217' title='bbox 237 3651 288 3715; x_wconf 87' lang='lat'><strong>91.</strong></span> <span class='ocrx_word' id='word_1_218' title='bbox 326 3672 370 3716; x_wconf 82' lang='lat' dir='ltr'><strong>ar</strong></span> <span class='ocrx_word' id='word_1_219' title='bbox 392 3648 552 3717; x_wconf 83' lang='lat' dir='ltr'><strong>Scavnos.</strong></span> <span class='ocrx_word' id='word_1_220' title='bbox 589 3646 723 3716; x_wconf 86' lang='lat' dir='ltr'><strong>Fabium</strong></span> <span class='ocrx_word' id='word_1_221' title='bbox 745 3667 912 3714; x_wconf 84' lang='lat' dir='ltr'><strong>censorem</strong></span> <span class='ocrx_word' id='word_1_222' title='bbox 933 3645 1024 3726; x_wconf 91' lang='lat' dir='ltr'><strong>dicit,</strong></span> <span class='ocrx_word' id='word_1_223' title='bbox 1052 3646 1104 3715; x_wconf 83' lang='lat' dir='ltr'><strong>eui</strong></span> <span class='ocrx_word' id='word_1_224' title='bbox 1131 3646 1164 3714; x_wconf 91' lang='lat' dir='ltr'><strong>in</strong></span> <span class='ocrx_word' id='word_1_225' title='bbox 1186 3668 1262 3715; x_wconf 88' lang='lat' dir='ltr'><strong>cea·</strong></span> 
     </span>
    </p>
   </div>
   <div class='ocr_carea' id='block_1_3' title="bbox 151 3833 1496 4386">
    <p class='ocr_par' dir='ltr' id='par_1_20' title="bbox 151 3833 1496 4386">
     <span class='ocr_line' id='line_1_31' title="bbox 152 3833 1262 3915; baseline 0.002 -21"><span class='ocrx_word' id='word_1_226' title='bbox 152 3836 183 3895; x_wconf 90' lang='grc'><strong>4.</strong></span> <span class='ocrx_word' id='word_1_227' title='bbox 203 3838 271 3895; x_wconf 87' lang='lat' dir='ltr'><strong>bina</strong></span> <span class='ocrx_word' id='word_1_228' title='bbox 295 3840 445 3915; x_wconf 70' lang='lat' dir='ltr'><strong>Vernilias.</strong></span> <span class='ocrx_word' id='word_1_229' title='bbox 526 3844 571 3898; x_wconf 86' lang='lat'><strong>12.</strong></span> <span class='ocrx_word' id='word_1_230' title='bbox 592 3838 663 3913; x_wconf 86' lang='lat' dir='ltr'><strong>iam]</strong></span> <span class='ocrx_word' id='word_1_231' title='bbox 687 3858 743 3895; x_wconf 88' lang='lat' dir='ltr'><strong>aon</strong></span> <span class='ocrx_word' id='word_1_232' title='bbox 766 3838 816 3894; x_wconf 71' lang='grc' dir='ltr'><strong>ΡΒ</strong></span> <span class='ocrx_word' id='word_1_233' title='bbox 835 3834 908 3911; x_wconf 79' lang='lat' dir='ltr'><strong>qaod</strong></span> <span class='ocrx_word' id='word_1_234' title='bbox 927 3833 981 3893; x_wconf 80' lang='lat' dir='ltr'><strong>tat.</strong></span> <span class='ocrx_word' id='word_1_235' title='bbox 1002 3854 1027 3893; x_wconf 84' lang='lat' dir='ltr'><strong>s.</strong></span> <span class='ocrx_word' id='word_1_236' title='bbox 1112 3839 1160 3896; x_wconf 89' lang='grc'><strong>14.</strong></span> <span class='ocrx_word' id='word_1_237' title='bbox 1180 3839 1262 3896; x_wconf 88' lang='lat' dir='ltr'><strong>bibe·</strong></span> 
     </span>
     <span class='ocr_line' id='line_1_32' title="bbox 151 3914 1263 3993; baseline -0.001 -22"><span class='ocrx_word' id='word_1_238' title='bbox 151 3926 216 3973; x_wconf 89' lang='lat' dir='ltr'><strong>reat</strong></span> <span class='ocrx_word' id='word_1_239' title='bbox 235 3919 294 3974; x_wconf 87' lang='grc' dir='ltr'><strong>Ρ8.</strong></span> <span class='ocrx_word' id='word_1_240' title='bbox 319 3936 394 3975; x_wconf 82' lang='lat' dir='ltr'><strong>corr.</strong></span> <span class='ocrx_word' id='word_1_241' title='bbox 418 3922 544 3993; x_wconf 66' lang='lat' dir='ltr'><strong>nactam</strong></span> <span class='ocrx_word' id='word_1_242' title='bbox 563 3935 642 3975; x_wconf 77' lang='lat' dir='ltr'><strong>corr.</strong></span> <span class='ocrx_word' id='word_1_243' title='bbox 663 3916 738 3973; x_wconf 79' lang='lat' dir='ltr'><strong>lectt.</strong></span> <span class='ocrx_word' id='word_1_244' title='bbox 760 3919 804 3985; x_wconf 81' lang='grc'><strong>11,</strong></span> <span class='ocrx_word' id='word_1_245' title='bbox 828 3918 874 3971; x_wconf 85' lang='grc'><strong>16.</strong></span> <span class='ocrx_word' id='word_1_246' title='bbox 976 3914 1102 3970; x_wconf 84' lang='lat' dir='ltr'><strong>anticum</strong></span> <span class='ocrx_word' id='word_1_247' title='bbox 1122 3915 1263 3991; x_wconf 84' lang='lat' dir='ltr'><strong>patrimo·</strong></span> 
     </span>
     <span class='ocr_line' id='line_1_33' title="bbox 151 3988 1496 4071; baseline -0.003 -22"><span class='ocrx_word' id='word_1_248' title='bbox 151 3993 230 4049; x_wconf 82' lang='lat' dir='ltr'><strong>nirrrn</strong></span> <span class='ocrx_word' id='word_1_249' title='bbox 252 3994 435 4071; x_wconf 77' lang='lat' dir='ltr'><strong>P8.oorr.p.</strong></span> <span class='ocrx_word' id='word_1_250' title='bbox 536 3998 580 4053; x_wconf 86' lang='lat'><strong>17.</strong></span> <span class='ocrx_word' id='word_1_251' title='bbox 602 3993 763 4051; x_wconf 84' lang='lat' dir='ltr'><strong>attulissent</strong></span> <span class='ocrx_word' id='word_1_252' title='bbox 787 3993 895 4050; x_wconf 71' lang='lat' dir='ltr'><strong>(dicero.</strong></span> <span class='ocrx_word' id='word_1_253' title='bbox 988 4008 1045 4045; x_wconf 90' lang='lat' dir='ltr'><strong>nou</strong></span> <span class='ocrx_word' id='word_1_254' title='bbox 1067 3990 1141 4047; x_wconf 84' lang='lat' dir='ltr'><strong>enim</strong></span> <span class='ocrx_word' id='word_1_255' title='bbox 1162 4009 1261 4047; x_wconf 84' lang='lat' dir='ltr'><strong>aarum</strong></span> <span class='ocrx_word' id='word_1_256' title='bbox 1476 3988 1496 4057; x_wconf 64' lang='grc' dir='ltr'><em>Α</em></span> 
     </span>
     <span class='ocr_line' id='line_1_34' title="bbox 154 4068 1265 4143; baseline -0.004 -16"><span class='ocrx_word' id='word_1_257' title='bbox 154 4070 259 4128; x_wconf 82' lang='lat' dir='ltr'><strong>Gioero.</strong></span> <span class='ocrx_word' id='word_1_258' title='bbox 376 4077 421 4130; x_wconf 87' lang='grc'><strong>18.</strong></span> <span class='ocrx_word' id='word_1_259' title='bbox 444 4070 835 4130; x_wconf 85' lang='lat' dir='ltr'><strong>uideri—cis-baberem</strong></span> <span class='ocrx_word' id='word_1_260' title='bbox 856 4068 960 4126; x_wconf 79' lang='lat' dir='ltr'><strong>Cicero.</strong></span> <span class='ocrx_word' id='word_1_261' title='bbox 1064 4073 1113 4124; x_wconf 87' lang='grc'><strong>21.</strong></span> <span class='ocrx_word' id='word_1_262' title='bbox 1134 4078 1265 4143; x_wconf 79' lang='lat' dir='ltr'><strong>tangeret</strong></span> 
     </span>
     <span class='ocr_line' id='line_1_35' title="bbox 151 4142 1265 4220; baseline -0.002 -16"><span class='ocrx_word' id='word_1_263' title='bbox 151 4149 212 4205; x_wconf 74' lang='lat'><strong>1²8.</strong></span> <span class='ocrx_word' id='word_1_264' title='bbox 226 4165 301 4207; x_wconf 75' lang='lat' dir='ltr'><strong>corr.</strong></span> <span class='ocrx_word' id='word_1_265' title='bbox 322 4167 347 4206; x_wconf 87' lang='lat' dir='ltr'><strong>s.</strong></span> <span class='ocrx_word' id='word_1_266' title='bbox 451 4154 498 4207; x_wconf 79' lang='grc'><strong>211.</strong></span> <span class='ocrx_word' id='word_1_267' title='bbox 519 4148 682 4207; x_wconf 77' lang='lat' dir='ltr'><strong>Fabricium</strong></span> <span class='ocrx_word' id='word_1_268' title='bbox 702 4148 761 4205; x_wconf 77' lang='grc' dir='ltr'><strong>ΡΒ.</strong></span> <span class='ocrx_word' id='word_1_269' title='bbox 782 4163 857 4204; x_wconf 84' lang='lat' dir='ltr'><strong>corr.</strong></span> <span class='ocrx_word' id='word_1_270' title='bbox 883 4148 1004 4220; x_wconf 63' lang='lat' dir='ltr'><strong>minen</strong></span> <span class='ocrx_word' id='word_1_271' title='bbox 1024 4161 1105 4201; x_wconf 75' lang='lat' dir='ltr'><strong>osor.</strong></span> <span class='ocrx_word' id='word_1_272' title='bbox 1125 4142 1200 4201; x_wconf 76' lang='lat' dir='ltr'><strong>lectt.</strong></span> <span class='ocrx_word' id='word_1_273' title='bbox 1220 4148 1265 4214; x_wconf 82' lang='lat'><strong>11,</strong></span> 
     </span>
     <span class='ocr_line' id='line_1_36' title="bbox 151 4226 685 4305; baseline 0 -22"><span class='ocrx_word' id='word_1_274' title='bbox 151 4228 201 4284; x_wconf 89' lang='grc'><strong>16.</strong></span> <span class='ocrx_word' id='word_1_275' title='bbox 280 4226 310 4283; x_wconf 91' lang='lat' dir='ltr'><strong>in</strong></span> <span class='ocrx_word' id='word_1_276' title='bbox 330 4244 481 4305; x_wconf 83' lang='lat' dir='ltr'><strong>cepsaram</strong></span> <span class='ocrx_word' id='word_1_277' title='bbox 500 4228 685 4303; x_wconf 60' lang='lat' dir='ltr'><strong>moeson.</strong></span> 
     </span>
     <span class='ocr_line' id='line_1_37' title="bbox 952 4319 1022 4386; baseline 0 -37"><span class='ocrx_word' id='word_1_278' title='bbox 952 4319 1022 4386; x_wconf 58' lang='grc'><strong>221</strong></span> 
     </span>
    </p>
   </div>
   <div class='ocr_carea' id='block_1_4' title="bbox 0 0 1518 4859">
    <p class='ocr_par' dir='ltr' id='par_1_21' title="bbox 0 0 1518 4859">
     <span class='ocr_line' id='line_1_38' title="bbox 0 0 1518 4859; baseline 0 1"><span class='ocrx_word' id='word_1_279' title='bbox 0 0 1518 4859; x_wconf 95' lang='lat' dir='ltr'><strong> </strong></span> 
     </span>
    </p>
   </div>
  </div>
 </body>
</html>
