3025 4859
279 358 355 437 1⁷8
668 365 1007 424 scaoumvnnnns.

364 539 415 608 62
458 559 620 608 incusans
643 561 774 608 amona.
796 539 942 630 satyrice.
968 558 1043 606 nam
1063 533 1174 604 habitu
1194 533 1276 604 uirili
1297 533 1387 602 lemi-

277 676 353 724 nam
375 649 531 720 describit.

361 763 413 830 64.
457 784 563 830 sexes
586 785 726 830 canvscs
744 785 903 830 ransavn.
942 759 1054 829 lectica
1076 761 1161 828 enim
1182 759 1317 828 iaciente
1337 755 1387 825 lu·

278 876 370 942 xuria
393 897 412 940 a
434 895 493 939 sex
512 871 693 941 hominibus
715 871 909 966 portabatur.

253 1003 266 1043 ⁵
364 985 415 1052 65.
438 1007 514 1052 nme
537 1007 644 1062 inova
666 1006 740 1051 mna
763 1009 792 1050 s.
816 993 852 1050 ut
873 983 913 1052 ab
935 982 1082 1052 omnibus
1104 981 1258 1049 uideatur.
1329 1003 1386 1048 on·

281 1119 412 1164 cneum
436 1096 647 1185 [ovnnmvml
671 1096 714 1162 ita
736 1093 785 1161 his
806 1093 902 1162 rebus
913 1094 1098 1172 concitatur,
1120 1100 1156 1158 ut
1177 1093 1278 1184 possit
1300 1098 1332 1158 et
1353 1091 1385 1158 iu

281 1206 410 1299 publico
433 1207 579 1275 scribere.

364 1320 415 1385 bb.
437 1341 481 1385 nc
502 1340 641 1385 uvcnvn
662 1339 835 1384 ncscnnns.
859 1315 994 1385 multum
1015 1313 1094 1383 lucri
1117 1315 1253 1407 capiens.
1317 1309 1386 1380 Με-

282 1451 408 1498 csnarc
431 1450 553 1496 susino.
577 1427 715 1520 superbo
739 1427 792 1495 uel
814 1435 951 1496 mortuo.

241 1565 268 1604 ro
364 1542 415 1608 68.
437 1561 575 1608 saccum
597 1561 673 1605 vnn.
701 1537 801 1605 saliua
824 1544 907 1604 tacta
928 1545 1059 1630 propter
1080 1533 1234 1627 signaculi
1255 1535 1389 1627 impres·

280 1655 411 1722 sionem.

363 1764 414 1828 69.
459 1759 630 1829 Cnccnvu.
651 1761 761 1826 uinum
784 1759 868 1827 dicit.

363 1873 414 1938 70.
461 1871 651 1960 [aasabim]
682 1868 795 1937 rubeta
821 1892 898 1938 rana
922 1876 979 1950 est,
1009 1891 1051 1936 cx
1072 1869 1163 1937 cuius
1184 1866 1386 1960 pulmonibus

279 1982 333 2052 ucl
353 1982 506 2074 sanguine
527 1980 562 2047 lit
583 2003 752 2048 uenenum.

240 2121 266 2162 n
363 2095 414 2158 71.
456 2113 685 2167 rusmrvmovn
707 2114 820 2158 nvnss.
844 2113 877 2157 u.
900 2113 930 2157 1..
954 2115 983 2158 c.
1005 2087 1147 2158 Lucusta
1161 2091 1387 2183 quaedamluit

277 2205 309 2271 in
332 2201 442 2270 Galliis
463 2209 609 2268 matrona
631 2199 783 2280 uenales,
812 2223 909 2291 quam
929 2197 1018 2268 Nero
1041 2203 1160 2270 exciuit
1190 2202 1229 2270 ad
1256 2227 1290 2272 se
1311 2226 1385 2297 pro·

274 2323 347 2406 pter
368 2335 492 2380 uenena
514 2310 715 2391 conficienda,
737 2311 888 2402 quoniam
910 2331 1045 2401 magnae
1067 2313 1170 2380 lamae
1191 2322 1268 2380 erat.
1290 2337 1387 2406 quum

277 2425 373 2493 etiam
394 2423 427 2490 in
447 2420 657 2489 familiaritate
679 2443 738 2488 sua
757 2419 877 2503 babuit,
904 2430 939 2488 ut
960 2421 1056 2490 etiam
1078 2445 1151 2490 eum
1167 2422 1297 2493 doceret
1328 2449 1385 2493 ue·

277 2559 359 2604 nena
381 2533 526 2601 miscere.
547 2532 621 2599 inde
643 2532 687 2598 ait
707 2529 835 2600 Tamus
856 2532 889 2600 in
911 2541 1034 2600 satura:
1051 2527 1109 2602 ‘ex
1130 2557 1193 2625 qua
1208 2533 1384 2604 Caesareas

237 2645 406 2716 ²⁰scboles
426 2642 554 2711 horrida
575 2640 717 2710 Locusta
737 2643 855 2711 occidit
883 2665 959 2712 cura
987 2643 1036 2711 sui
1062 2665 1161 2714 uerna
1182 2654 1258 2714 nota
1280 2643 1385 2716 Nero-
1497 2637 1498 2646 ¹

276 2754 343 2826 nis?
367 2754 448 2823 haec
469 2753 655 2847 increpitata
678 2775 697 2818 a
717 2749 858 2834 Nerone,
881 2755 967 2846 quod
989 2753 1110 2821 lentum
1132 2776 1292 2825 uenenum
1312 2756 1385 2826 Bri·

276 2870 403 2937 tannico
426 2866 584 2956 (priuigno
607 2865 678 2948 suo)
701 2871 855 2954 parasset,
884 2872 949 2931 tam
972 2863 1085 2932 ellicax
1114 2866 1208 2949 dedit,
1236 2876 1271 2934 ut
1297 2877 1384 2936 ante-

276 3001 373 3073 quam
400 2972 552 3069 poculum
577 2970 779 3040 Britannicus
806 2973 997 3056 exhauriret,
1022 2977 1055 3044 in
1077 2979 1225 3046 conuiuio
1246 2974 1383 3047 Neronis

273 3225 302 3279 6.
322 3213 540 3288 QVADRIVIO
561 3209 628 3270 aaa.
647 3231 673 3270 s.
733 3213 762 3268 in
782 3211 826 3268 bis
846 3216 905 3272 ΡΒ.
919 3233 990 3274 corr.
1003 3235 1029 3273 c.
1088 3225 1119 3273 ut
1138 3235 1193 3275 om.
1206 3220 1264 3276 ΡΒ.
1280 3217 1381 3278 celclc.

272 3305 373 3378 posset
387 3295 444 3352 ΡΒ.
458 3310 530 3351 corr.
542 3310 566 3348 c.
645 3289 765 3347 uelins.
845 3294 872 3350 8.
894 3294 1079 3370 sapiensPS.
1095 3312 1202 3352 come.
1263 3301 1309 3354 12,
1327 3317 1381 3356 ue.

271 3394 376 3434 nenum
388 3374 564 3429 PS.ccrr.s.
639 3371 685 3426 16.
698 3365 891 3426 exhibuitPS.
904 3387 976 3426 core.
988 3369 1130 3428 Sobesosl.
1145 3370 1183 3444 cf.
1195 3372 1383 3433 munsterus
1493 3437 1494 3440 Ἴ

271 3451 351 3527 Folo.
365 3470 395 3526 a.
407 3453 474 3508 599.
550 3463 604 3524 pro
626 3455 670 3504 ter
680 3462 794 3503 cienena
809 3445 988 3503 conficienda
998 3455 1066 3523 post
1076 3447 1172 3506 samoe
1183 3459 1245 3507 erat
1254 3454 1339 3527 ponit
1352 3451 1382 3510 lt.

271 3533 319 3588 18.
340 3523 591 3586 ettantaSclturtz
628 3521 697 3589 iscb,
730 3525 904 3580 otomsua.
984 3530 1031 3582 19.
1049 3518 1195 3584 ‘Locusta
1213 3545 1249 3584 sc
1272 3527 1381 3586 Galliis

269 3611 418 3682 propterca
447 3600 505 3657 uod
515 3542 764 3671 [cmoscucnsloo
775 3607 847 3656 osset
860 3601 968 3658 Neroni
982 3600 1108 3659 salsibitc
1124 3609 1165 3660 cst
1176 3602 1319 3681 cidmnqus
1328 3603 1378 3677 fu-
1492 3659 1493 3678 ,

269 3681 393 3740 miliaria
404 3621 517 3752 ellectu,
530 3683 564 3732 ot
578 3678 670 3753 inquit
679 3674 801 3744 Probus,
812 3683 845 3733 ut
859 3683 886 3734 ct
902 3676 985 3734 illum
997 3677 1107 3736 doceret
1116 3679 1378 3758 ctplususpusllus.

269 3758 344 3816 unde
363 3760 408 3814 cit
430 3758 545 3811 Titanus
566 3757 596 3810 in
616 3759 732 3823 satyrus
750 3770 787 3809 cc
806 3772 861 3828 quo
879 3755 1037 3812 Caesareos
1057 3755 1167 3815 soboles
1184 3759 1312 3816 Locusta
1332 3777 1376 3816 cs-
1491 3793 1492 3808 .

269 3835 339 3894 cidit
360 3830 530 3892 torrentum
551 3848 650 3889 carros:
670 3829 738 3886 elam
760 3828 859 3887 libarat
879 3837 947 3888 atro
962 3834 1098 3890 Neronis.
1118 3832 1188 3890 lrccc
1206 3837 1376 3912 increpitos

267 3900 586 3984 Nerone-capircrct.’
612 3911 643 3965 V.
669 3908 843 3963 Coniectaneis
857 3906 890 3964 dc
902 3911 993 3965 Tauroi
1007 3909 1137 3966 stersibus
1146 3930 1165 3968 a
1178 3911 1374 3986 Wsrnsdcrfic

267 3990 366 4066 (postt.
387 3991 468 4046 Lott.
488 3987 557 4041 acin.
578 3987 630 4043 ΠΙ
647 4001 677 4059 p,
687 3981 738 4056 82)
767 3983 892 4042 collectis
918 3984 991 4042 addc
1017 3986 1143 4044 Wolcbii
1167 3987 1285 4059 (snoend.
1306 3993 1375 4049 Isiu.

266 4070 446 4142 n.109):ex
467 4081 524 4138 quo
545 4063 708 4118 Caesareas
729 4060 844 4118 soboles
865 4061 1010 4119 horrenda
1028 4063 1155 4121 Locusta
1179 4065 1286 4122 occidit
1306 4085 1376 4125 cura

265 4144 395 4202 fraterna
413 4149 492 4199 mota
511 4137 648 4197 Neronis.
744 4141 792 4196 22.
813 4138 946 4216 priuigno
967 4159 1019 4198 suo
1039 4159 1093 4200 ono.
1117 4145 1151 4200 V.
1178 4144 1375 4222 compriuigno

266 4237 296 4279 u.
307 4219 335 4279 d.
347 4219 422 4279 obss.
432 4218 513 4275 misc.
529 4216 666 4292 vasso.
