3025 4859
277 354 355 431 320
668 370 833 428 scnoms
849 370 1009 425 rurum.

362 538 413 606 78.
450 560 614 609 vertuntur
637 563 686 607 nr.
721 565 764 609 ex
794 564 858 635 quo
885 563 981 609 nemo
1010 537 1109 607 ambit
1135 538 1175 606 ad
1196 536 1306 633 populi
1325 536 1385 607 lro-

276 673 381 719 nores.

362 762 413 830 81.
451 785 630 832 rnnrrvnos
652 787 750 833 sumo
772 786 913 833 uvnros.
948 765 1065 832 iterum
1086 761 1145 829 sibi
1166 759 1306 853 loquitur
1328 784 1387 855 po-

277 871 378 966 pulus·
394 895 524 965 pauens,
547 896 622 942 cum
644 875 780 944 Seianus
802 884 921 943 tractus
944 883 1000 943 est.

248 1012 261 1053 s
361 984 413 1051 82.
436 1007 489 1052 rur.
512 1008 648 1053 nvsrvu.
671 983 791 1053 multos
811 984 908 1052 habet
928 985 1051 1065 ioman,
1074 1007 1155 1077 quos
1178 992 1301 1052 exurat

361 1094 413 1161 83.
436 1117 551 1163 onvrvs
572 1118 669 1164 ausu.
703 1104 759 1163 aut
779 1102 932 1187 patronus
954 1104 1010 1162 aut
1031 1094 1278 1187 domnipredius

360 1206 411 1273 84
450 1228 570 1273 nxrus'r
598 1208 690 1274 Aiax.
728 1202 875 1274 Tiberius
900 1202 990 1273 Nero
1018 1206 1109 1296 quasi
1134 1207 1273 1274 insanus.
1358 1205 1387 1271 si

277 1314 407 1384 inferior
427 1316 486 1384 luit
506 1316 538 1384 in
561 1312 654 1384 bello.
688 1325 743 1384 aut
771 1318 796 1383 si
820 1316 926 1383 scierit
955 1338 991 1382 se
1018 1314 1155 1383 anobis
1182 1317 1280 1383 luisse
1308 1337 1386 1384 con-

278 1435 444 1521 temptum.
531 1426 646 1509 timeo,
668 1450 709 1495 ne
732 1448 807 1494 eum
828 1423 975 1493 Tiberius
997 1426 1123 1494 occidat
1142 1423 1231 1494 Nero
1252 1448 1327 1494 cum
1349 1448 1385 1494 se

238 1537 363 1606 mdical
388 1535 472 1604 mole
494 1560 513 1605 a
535 1546 648 1606 senatu
678 1537 861 1619 defensum,
889 1546 922 1605 et
944 1558 1062 1643 parum
1088 1535 1207 1628 aliquid
1232 1536 1264 1605 in
1292 1534 1385 1605 Seia-

275 1672 352 1720 num
374 1650 504 1717 lactum.

360 1760 411 1825 87.
443 1782 504 1828 sun
525 1778 677 1827 vrnnnur.
705 1757 825 1851 proprii
846 1758 1001 1850 cibusque
1022 1758 1116 1840 serui,
1138 1782 1180 1827 ne
1200 1760 1308 1829 dicant
1327 1759 1385 1830 do·

275 1872 379 1939 minos
401 1892 477 1938 suos
498 1869 539 1938 ad
562 1868 749 1938 trahendum
772 1890 837 1937 non
858 1870 1058 1951 conuenisse,
1078 1892 1120 1939 ne
1141 1869 1384 1940 calumnientur.

277 1984 349 2074 quia
372 1988 580 2072 praeceperat
602 1980 697 2047 ctiam
719 2000 832 2046 seruos
852 2001 949 2071 posse
972 1979 1118 2049 dominos
1138 2004 1301 2052 accusare.

238 2115 264 2158 n
276 2092 427 2185 quoniam
448 2089 579 2158 dederat
600 2090 701 2157 sertus
722 2096 932 2181 potestatem,
964 2099 1000 2161 ut
1021 2090 1132 2161 liceret
1156 2094 1302 2162 dominos
1329 2116 1383 2163 ac·

276 2224 389 2273 cusare
415 2202 448 2269 in
476 2199 668 2293 quibuslibet
695 2200 886 2270 criminibus.
992 2226 1033 2271 ne
1059 2203 1209 2271 indicium
1237 2225 1315 2297 ergo
1343 2204 1383 2272 dc

275 2312 411 2381 dominis
432 2312 583 2394 lacerent,
605 2312 633 2379 si
654 2313 759 2381 minus
782 2309 955 2380 Caesarem
976 2314 1175 2383 uindicarent
1194 2315 1227 2383 in
1247 2336 1384 2409 corpore

274 2425 390 2496 Seiani.

357 2536 409 2600 89.
436 2556 596 2603 uvnuvnn
618 2556 728 2603 vvnur.
763 2531 844 2602 haec
862 2535 945 2603 inter
966 2558 1002 2603 se
1024 2536 1172 2605 secretim
1193 2535 1386 2631 loquebatur

234 2643 422 2743 mpopmus.

356 2758 408 2823 90.
430 2778 523 2823 visun
546 2778 704 2825 srcvrsru
726 2754 865 2826 Snnuvs
887 2779 1026 2827 umens.
1047 2755 1112 2828 hoc
1133 2759 1224 2851 quasi
1244 2780 1287 2828 ex
1308 2781 1383 2853 per·

273 2891 352 2937 sona
373 2875 488 2960 poetae
509 2866 666 2935 inseritur.

357 2981 409 3046 91.
432 2996 633 3045 rnurvunnrr
653 3001 683 3044 n.
706 3001 727 3046 ι.
750 3002 776 3045 s.
798 3000 830 3045 n.
851 2985 889 3045 ut
902 2976 1039 3047 Seianus
1055 2988 1088 3048 ct
1102 2980 1251 3049 consules
1266 2983 1382 3051 lacere.

356 3089 408 3156 92.
429 3110 532 3157 muvrr
552 3110 778 3157 nxuncrrmvs.
801 3092 988 3184 magistrum
1009 3090 1145 3161 militum
1165 3094 1281 3162 iacere

233 3226 261 3269 ar
274 3220 385 3269 nvnon
405 3220 533 3267 mouns.
555 3199 705 3290 patricius
726 3198 804 3268 ficri.

355 3309 407 3377 93.
443 3332 601 3379 rumonus
628 3334 657 3377 n.
686 3334 716 3378 u.
741 3334 770 3379 c.
815 3309 962 3382 Tiberius
994 3337 1069 3382 nam
1096 3312 1186 3384 Nero
1217 3336 1383 3385 secessum

273 3418 374 3511 [eum]
399 3419 549 3513 elegerat
573 3420 614 3488 de
636 3443 700 3512 qua
721 3420 824 3489 insula
846 3422 1013 3516 Augustus
1034 3419 1274 3516 ἆπραγόπολιν
1293 3427 1382 3510 dixit,

272 3530 421 3621 quodibi
444 3539 530 3599 esset
550 3531 605 3599 otii
626 3530 732 3615 locus,
760 3539 797 3601 ut
818 3534 861 3601 ait
882 3532 1056 3604 Suetonius
1078 3538 1174 3632 [Aug.
1195 3541 1262 3630 98].
1349 3562 1383 3608 nt

273 3662 358 3708 nvnc
382 3664 545 3711 srnunrrs.
578 3638 733 3734 significat
763 3651 796 3710 et
822 3644 877 3711 diu
903 3651 936 3711 et
963 3647 1098 3739 turpiter
1121 3650 1242 3717 uixisse
1261 3650 1295 3718 in
1316 3648 1382 3719 Ca·

234 3751 358 3842 sopreis
379 3748 552 3834 Tiberium,
574 3753 629 3847 qui
651 3750 807 3820 Seianum
827 3752 929 3822 ueluti
951 3763 1088 3826 tutorem
1110 3755 1282 3828 habuisset.

270 3976 300 4034 5.
319 3994 375 4033 rtrr.
394 3992 520 4036 orntum
546 3976 585 4036 od
604 3980 642 4037 82
662 3982 732 4034 ante
746 3968 856 4035 ‘timeo'
877 3989 992 4055 ponunt
1011 3983 1069 4040 ΡΒ.
1167 3986 1245 4064 capit
1264 4005 1289 4043 s.

270 4056 298 4114 9.
320 4072 383 4111 cum
396 4056 580 4113 PS.corr..
639 4058 687 4111 12.
708 4054 825 4131 proprie
839 4058 1184 4121 Psaomsdmattus.
1243 4065 1291 4121 15.
1306 4082 1380 4141 quo·

269 4131 346 4187 niam
357 4160 393 4173 —
404 4130 504 4188 Seiani
579 4135 618 4192 90
636 4136 705 4207 post
725 4146 887 4191 ssnrrssr
905 4141 1017 4210 ponunt
1035 4140 1094 4197 ΡΒ.
1179 4142 1229 4198 23.
1248 4139 1379 4200 iacerent

268 4208 328 4264 ΡΒ.
342 4224 416 4265 corr.
429 4224 458 4283 p.
536 4212 584 4267 27.
604 4226 671 4267 eum
689 4205 758 4266 cdd.
776 4225 808 4285 p.
885 4215 1086 4291 aprogopolim
1105 4220 1164 4277 ΡΒ.
1180 4235 1256 4277 corr.
1270 4237 1300 4295 p.
