3025 4859
252 364 326 441 108
627 374 662 427 n.
680 366 984 428 rvmrrvvanaars

249 547 339 617 ardet
359 545 525 614 adoratum
547 540 666 634 populo
690 548 795 631 caput,
817 546 850 604 et
871 542 982 628 erepat
1002 534 1115 627 ingena

249 658 394 737 Seianus,
416 654 529 722 deinde
552 674 593 720 ex
615 653 695 719 iacie
717 657 786 717 toto
809 648 887 716 orbe
908 646 1049 716 secunda

250 768 328 837 fiunt
349 765 469 835 urceoli
491 764 602 857 pelues
624 771 751 854 sartago
773 758 932 827 matellae.

250 903 334 973 pone
357 878 443 945 domi
465 874 583 954 laurus,
607 874 668 941 due
691 874 723 938 in
745 869 904 962 Capitolia
926 892 1078 962 maguum
1321 876 1362 934 65

251 999 471 1081 cretatumque
495 985 621 1065 bouem,
644 982 780 1050 Seianus
802 981 927 1048 ducitur
949 1003 1032 1049 unco

250 1100 449 1195 spectandus.
473 1095 612 1189 gaudent
635 1116 755 1162 omnes,
786 1087 895 1183 “quae
915 1092 1013 1173 labra,
1033 1092 1105 1184 quis
1125 1090 1170 1159 illi

251 1211 359 1281 uultus
383 1206 464 1277 erat!
486 1228 670 1299 numquam,
692 1204 718 1270 si
741 1202 817 1295 quid
839 1202 915 1269 mihi
936 1204 1048 1285 credis,
1070 1204 1177 1272 amaui

250 1322 335 1391 hunc
356 1321 527 1389 hominem.
550 1317 606 1384 sed
628 1338 692 1408 quo
716 1314 830 1382 cecidit
851 1313 910 1381 sub
932 1313 1087 1382 crimine?
1109 1315 1255 1406 quisnam

250 1429 396 1501 delator?
417 1430 532 1523 quibus
553 1426 718 1507 indicibus,
742 1447 807 1517 quo
829 1432 911 1491 teste
933 1420 1129 1516 probauit?”
1320 1434 1363 1492 70

246 1540 304 1611 ‘nil
326 1542 451 1623 horum,
472 1540 609 1609 uerbosa
632 1547 664 1605 et
685 1537 813 1631 grandis
835 1535 971 1627 epistula
992 1538 1081 1605 uenit

251 1678 269 1722 a
292 1648 443 1746 Capreis?
474 1646 581 1719 “bene
602 1649 707 1729 habet,
729 1646 774 1714 nil
795 1645 867 1739 plus
887 1643 1077 1741 interrogo.”
1106 1648 1164 1715 aed
1187 1646 1263 1739 quid

251 1764 343 1834 turba
365 1759 480 1829 Remi?
503 1762 645 1854 sequitur
667 1762 835 1838 fortunam,
858 1767 895 1824 ut
915 1782 1052 1851 semper,
1074 1768 1107 1826 et
1128 1758 1196 1827 odit

251 1876 426 1943 damnatos.
460 1872 546 1939 idem
569 1869 714 1962 populus,
738 1871 765 1936 si
785 1867 899 1936 Nortia
920 1869 1028 1937 Tusco

252 1986 391 2065 inuisam,
414 1984 441 2049 si
463 2004 615 2074 oppressa
638 1983 720 2047 foret
741 2003 855 2049 secura
878 1988 1027 2048 senectus

251 2096 410 2187 principis,
432 2092 493 2160 hac
515 2094 583 2185 ipsa
605 2091 759 2159 Seianum
780 2091 900 2158 diceret
921 2091 998 2159 hora

251 2207 442 2299 Augustum.
475 2204 539 2270 iam
561 2204 692 2294 pridem,
716 2226 757 2269 ex
780 2225 844 2294 quo
866 2203 1016 2295 suffragia
1036 2201 1115 2270 nulli

251 2316 428 2397 uendimus‚
452 2314 563 2381 effudit
584 2336 692 2395 curas;
714 2336 790 2381 nam
812 2314 866 2405 qui
888 2313 984 2380 dabat
1005 2311 1081 2380 olim

253 2426 420 2519 imperium
442 2427 545 2493 fasces
566 2425 710 2517 legiones
733 2426 848 2507 omnia,
868 2447 953 2491 nunc
975 2448 1011 2490 se

252 2537 393 2606 continet
415 2536 519 2629 adque
542 2537 622 2604 duas
644 2544 768 2603 tantum
789 2559 841 2602 rea
864 2536 978 2603 anxius
1000 2543 1098 2628 optat,
1321 2544 1366 2601 80

252 2669 368 2737 panem
391 2655 423 2712 et
446 2648 613 2714 circenses.
646 2642 831 2739 “perituros
854 2646 947 2713 audio
970 2640 1117 2714 multos?

247 2753 306 2824 ‘nil
329 2756 468 2839 dubium,
490 2781 604 2849 magna
627 2767 676 2824 est
699 2757 871 2840 fornacula,
893 2756 1062 2849 pallidulus
1083 2758 1127 2824 mi

253 2866 416 2935 Brutidius
438 2893 529 2937 meus
553 2870 593 2937 ad
615 2868 724 2935 Martis
746 2871 806 2936 fuit
828 2868 941 2935 obuius
963 2890 1062 2935 aram.

253 3000 350 3071 quam
373 2979 480 3059 timeo,
503 2980 606 3046 uictus
628 3002 668 3047 ne
690 3001 810 3073 poenas
834 2982 940 3072 errigat
961 2980 1045 3047 Aiax

253 3206 300 3265 64.
323 3206 455 3265 matellae
475 3225 493 3283 ρ
515 3207 694 3265 Βοὶεοοιιαᾶσ
713 3208 752 3267 ad
773 3209 928 3268 Herodian.
941 3228 970 3287 ρ.
978 3214 1045 3269 295.
1073 3208 1175 3269 Weber
1194 3206 1365 3269 enimdeo.

252 3288 328 3362 p.5e
346 3304 391 3361 (μ
406 3278 459 3343 ‘M.
481 3284 607 3343 conchae
629 3288 731 3344 breues
752 3297 801 3343 aut
822 3306 893 3344 uasa
912 3281 1033 3367 turpia'.
1053 3287 1156 3361 codol„
1183 3286 1363 3359 metellaef,

253 3304 380 3440 pateliae
400 3366 460 3419 Ρω.
546 3366 593 3421 65.
616 3362 714 3420 laruas
735 3363 793 3421 Po:
814 3364 910 3421 lauros
929 3384 986 3441 pm.
1065 3366 1274 3422 duc—bouem
1292 3366 1364 3423 sor-

252 3442 321 3497 oriae
332 3438 371 3497 od
384 3443 468 3514 Vero.
481 3440 549 3497 Aen.
560 3444 617 3514 IX,
628 3444 694 3499 628.
832 3446 880 3500 66.
900 3441 1029 3501 Semnus
1050 3442 1163 3499 ducitur
1183 3460 1256 3499 unco
1275 3440 1365 3499 edroi.

255 3518 340 3592 Gran.
355 3520 427 3573 Hor.
440 3534 464 3573 c.
472 3520 498 3586 Ι,
509 3522 555 3586 35,
567 3522 614 3575 20.
699 3518 828 3576 Seranus
848 3517 872 3590 f.
969 3524 1016 3579 70.
1037 3520 1180 3576 indicibus
1200 3523 1267 3576 Pm:
1285 3516 1366 3576 indi·

253 3595 305 3683 ciio
325 3591 390 3669 ρδς.
473 3597 607 3672 probauit
626 3614 688 3671 pru:
707 3598 841 3674 probabit
860 3599 895 3653 P.
1011 3602 1059 3655 71.
1080 3596 1120 3653 nil
1139 3614 1200 3672 por:
1220 3596 1291 3653 nihii
1309 3598 1344 3653 P.

253 3669 1365 3828 caraman{naimonemanamoneare:

254 3842 335 3882 mens
356 3840 383 3893 ς,
403 3824 529 3885 Remens
549 3829 589 3883 N.
602 3828 740 3884 Heinsius
749 3827 788 3885 od
800 3826 887 3885 Ouid.
898 3826 970 3899 fuat.
980 3833 1118 3901 111,131.
1224 3829 1273 3886 74.
1294 3845 1364 3883 nor-

254 3902 297 3958 sia
318 3904 352 3969 P,
373 3902 466 3977 nyrtia
486 3898 521 3969 Σ,
542 3904 635 3959 nurria
653 3902 699 3977 96,
719 3906 814 3961 nutria
834 3904 858 3977 f,
878 3905 986 3963 Nursia
1006 3924 1042 3961 ω.
1104 3908 1153 3964 76.
1175 3923 1210 3961 ac
1229 3906 1279 3983 ipa
1297 3902 1363 3975 scs.

253 3982 301 4037 78.
323 3978 428 4036 essudit
448 3980 528 4054 Psy:
549 3979 654 4055 effugit
674 4001 709 4037 ω.
788 3985 835 4039 81.
857 4000 961 4059 panem
982 3980 1052 4057 Psy:
1074 4000 1207 4059 panum.
1285 3982 1365 4059 peri·

254 4065 333 4112 turos
354 4054 441 4111 audio
461 4057 565 4114 multos
585 4060 730 4116 Priscian.
742 4061 1117 4136 xvrrr,27‚2aap.1205.
1209 4062 1257 4118 82.
1277 4057 1364 4136 palli·

255 4131 342 4189 dulus
363 4132 401 4187 rni
420 4149 480 4207 pru:
499 4134 626 4212 pallidus
648 4136 715 4193 mihi
735 4140 771 4195 Ρ.
888 4140 937 4196 83.
957 4137 1111 4198 bruttidiue
1130 4135 1176 4213 91⁸.
1292 4134 1367 4213 sugit

255 4209 336 4265 ocius
359 4208 503 4271 Dorieooa
513 4210 552 4270 od
568 4216 662 4273 Taciti
672 4232 743 4275 nna.
754 4217 807 4276 111
814 4214 918 4294 ρ.421.
