<?xml version="1.0" encoding="UTF-8"?>
<!DOCTYPE html PUBLIC "-//W3C//DTD XHTML 1.0 Transitional//EN"
    "http://www.w3.org/TR/xhtml1/DTD/xhtml1-transitional.dtd">
<html xmlns="http://www.w3.org/1999/xhtml" xml:lang="en" lang="en">
 <head>
  <title>
</title>
<meta http-equiv="Content-Type" content="text/html;charset=utf-8" />
  <meta name='ocr-system' content='tesseract 3.04.00' />
  <meta name='ocr-capabilities' content='ocr_page ocr_carea ocr_par ocr_line ocrx_word'/>
</head>
<body>
  <div class='ocr_page' id='page_1' title='image "./diuniiiuvenalis00jahngoog_0128.png"; bbox 0 0 3025 4859; ppageno 0'>
   <div class='ocr_carea' id='block_1_1' title="bbox 255 343 988 419">
    <p class='ocr_par' dir='ltr' id='par_1_1' title="bbox 255 343 988 419">
     <span class='ocr_line' id='line_1_1' title="bbox 255 343 988 419; baseline -0.011 -1"><span class='ocrx_word' id='word_1_1' title='bbox 255 343 307 419; x_wconf 88' lang='lat'><strong>58</strong></span> <span class='ocrx_word' id='word_1_2' title='bbox 633 357 669 410; x_wconf 87' lang='lat' dir='ltr'><strong>n.</strong></span> <span class='ocrx_word' id='word_1_3' title='bbox 688 357 776 411; x_wconf 81' lang='lat' dir='ltr'><strong>nun</strong></span> <span class='ocrx_word' id='word_1_4' title='bbox 794 355 988 414; x_wconf 75' lang='lat' dir='ltr'><strong>ursulus</strong></span> 
     </span>
    </p>
   </div>
   <div class='ocr_carea' id='block_1_2' title="bbox 247 524 1359 2275">
    <p class='ocr_par' dir='ltr' id='par_1_2' title="bbox 254 524 1076 620">
     <span class='ocr_line' id='line_1_2' title="bbox 254 524 1076 620; baseline 0.001 -25"><span class='ocrx_word' id='word_1_5' title='bbox 254 525 404 595; x_wconf 85' lang='lat' dir='ltr'>uberibus</span> <span class='ocrx_word' id='word_1_6' title='bbox 427 547 554 617; x_wconf 79' lang='lat' dir='ltr'>semper</span> <span class='ocrx_word' id='word_1_7' title='bbox 576 524 715 592; x_wconf 87' lang='lat' dir='ltr'><strong>lacrimis</strong></span> <span class='ocrx_word' id='word_1_8' title='bbox 738 527 1076 620; x_wconf 84' lang='lat' dir='ltr'><strong>semperque-paratis-</strong></span> 
     </span>
    </p>

    <p class='ocr_par' dir='ltr' id='par_1_3' title="bbox 252 635 1069 730">
     <span class='ocr_line' id='line_1_3' title="bbox 252 635 1069 730; baseline -0.001 -25"><span class='ocrx_word' id='word_1_9' title='bbox 252 638 285 705; x_wconf 93' lang='lat' dir='ltr'><strong>in</strong></span> <span class='ocrx_word' id='word_1_10' title='bbox 306 639 441 704; x_wconf 85' lang='lat' dir='ltr'><strong>statione</strong></span> <span class='ocrx_word' id='word_1_11' title='bbox 464 659 537 716; x_wconf 89' lang='lat' dir='ltr'><strong>sua,</strong></span> <span class='ocrx_word' id='word_1_12' title='bbox 560 637 665 728; x_wconf 88' lang='lat' dir='ltr'><strong>adque</strong></span> <span class='ocrx_word' id='word_1_13' title='bbox 689 637 946 730; x_wconf 75' lang='lat' dir='ltr'><strong>exspectantibus</strong></span> <span class='ocrx_word' id='word_1_14' title='bbox 969 635 1069 719; x_wconf 91' lang='lat' dir='ltr'><strong>illam,</strong></span> 
     </span>
    </p>

    <p class='ocr_par' dir='ltr' id='par_1_4' title="bbox 253 746 1357 841">
     <span class='ocr_line' id='line_1_4' title="bbox 253 746 1357 841; baseline 0.006 -29"><span class='ocrx_word' id='word_1_15' title='bbox 253 769 316 841; x_wconf 83' lang='lat' dir='ltr'><strong>quo</strong></span> <span class='ocrx_word' id='word_1_16' title='bbox 339 746 446 813; x_wconf 88' lang='lat' dir='ltr'><strong>iubeat</strong></span> <span class='ocrx_word' id='word_1_17' title='bbox 467 769 597 813; x_wconf 89' lang='lat' dir='ltr'><strong>manare</strong></span> <span class='ocrx_word' id='word_1_18' title='bbox 619 748 725 815; x_wconf 89' lang='lat' dir='ltr'><strong>modo.</strong></span> <span class='ocrx_word' id='word_1_19' title='bbox 761 756 796 814; x_wconf 90' lang='lat' dir='ltr'><strong>tu</strong></span> <span class='ocrx_word' id='word_1_20' title='bbox 818 748 919 816; x_wconf 90' lang='lat' dir='ltr'><strong>credis</strong></span> <span class='ocrx_word' id='word_1_21' title='bbox 942 769 1097 832; x_wconf 88' lang='lat' dir='ltr'><strong>amorem,</strong></span> <span class='ocrx_word' id='word_1_22' title='bbox 1293 759 1357 819; x_wconf 72' lang='lat'><strong>275</strong></span> 
     </span>
    </p>

    <p class='ocr_par' dir='ltr' id='par_1_5' title="bbox 253 853 1068 950">
     <span class='ocr_line' id='line_1_5' title="bbox 253 853 1068 950; baseline 0 -24"><span class='ocrx_word' id='word_1_23' title='bbox 253 867 289 926; x_wconf 91' lang='lat' dir='ltr'><strong>tu</strong></span> <span class='ocrx_word' id='word_1_24' title='bbox 310 858 366 925; x_wconf 86' lang='lat' dir='ltr'><strong>tibi</strong></span> <span class='ocrx_word' id='word_1_25' title='bbox 388 866 463 923; x_wconf 87' lang='lat' dir='ltr'><strong>tunc</strong></span> <span class='ocrx_word' id='word_1_26' title='bbox 485 853 594 924; x_wconf 88' lang='lat' dir='ltr'><strong>Vruca</strong></span> <span class='ocrx_word' id='word_1_27' title='bbox 617 856 726 950; x_wconf 89' lang='lat' dir='ltr'><strong>places</strong></span> <span class='ocrx_word' id='word_1_28' title='bbox 748 859 923 948; x_wconf 87' lang='lat' dir='ltr'><strong>fletumque</strong></span> <span class='ocrx_word' id='word_1_29' title='bbox 944 857 1068 926; x_wconf 90' lang='lat' dir='ltr'><strong>labellis</strong></span> 
     </span>
    </p>

    <p class='ocr_par' dir='ltr' id='par_1_6' title="bbox 253 955 1121 1060">
     <span class='ocr_line' id='line_1_6' title="bbox 253 955 1121 1060; baseline 0 -24"><span class='ocrx_word' id='word_1_30' title='bbox 253 967 405 1048; x_wconf 88' lang='lat' dir='ltr'><strong>exorbes,</strong></span> <span class='ocrx_word' id='word_1_31' title='bbox 428 989 511 1058; x_wconf 87' lang='lat' dir='ltr'><strong>quae</strong></span> <span class='ocrx_word' id='word_1_32' title='bbox 534 965 650 1034; x_wconf 88' lang='lat' dir='ltr'><strong>scribta</strong></span> <span class='ocrx_word' id='word_1_33' title='bbox 673 979 706 1036; x_wconf 90' lang='lat' dir='ltr'><strong>et</strong></span> <span class='ocrx_word' id='word_1_34' title='bbox 727 978 806 1060; x_wconf 88' lang='lat' dir='ltr'><strong>quot</strong></span> <span class='ocrx_word' id='word_1_35' title='bbox 826 955 949 1036; x_wconf 86' lang='lat' dir='ltr'><strong>lectiue</strong></span> <span class='ocrx_word' id='word_1_36' title='bbox 972 968 1121 1053; x_wconf 89' lang='lat' dir='ltr'><strong>tabellas,</strong></span> 
     </span>
    </p>

    <p class='ocr_par' dir='ltr' id='par_1_7' title="bbox 253 1076 1067 1170">
     <span class='ocr_line' id='line_1_7' title="bbox 253 1076 1067 1170; baseline -0.005 -23"><span class='ocrx_word' id='word_1_37' title='bbox 253 1082 280 1147; x_wconf 93' lang='lat' dir='ltr'><strong>si</strong></span> <span class='ocrx_word' id='word_1_38' title='bbox 301 1078 356 1144; x_wconf 90' lang='lat' dir='ltr'><strong>tibi</strong></span> <span class='ocrx_word' id='word_1_39' title='bbox 374 1076 540 1168; x_wconf 79' lang='lat' dir='ltr'><strong>zelotypae</strong></span> <span class='ocrx_word' id='word_1_40' title='bbox 561 1087 747 1170; x_wconf 86' lang='lat' dir='ltr'><strong>retegantur</strong></span> <span class='ocrx_word' id='word_1_41' title='bbox 769 1081 882 1147; x_wconf 88' lang='lat' dir='ltr'><strong>scn&#39;nia</strong></span> <span class='ocrx_word' id='word_1_42' title='bbox 903 1078 1067 1146; x_wconf 82' lang='lat' dir='ltr'><strong>moechae.</strong></span> 
     </span>
    </p>

    <p class='ocr_par' dir='ltr' id='par_1_8' title="bbox 253 1187 1137 1280">
     <span class='ocr_line' id='line_1_8' title="bbox 253 1187 1137 1280; baseline 0.002 -24"><span class='ocrx_word' id='word_1_43' title='bbox 253 1191 310 1258; x_wconf 88' lang='lat' dir='ltr'><strong>sed</strong></span> <span class='ocrx_word' id='word_1_44' title='bbox 333 1191 416 1256; x_wconf 89' lang='lat' dir='ltr'><strong>iacet</strong></span> <span class='ocrx_word' id='word_1_45' title='bbox 436 1188 469 1254; x_wconf 89' lang='lat' dir='ltr'><strong>in</strong></span> <span class='ocrx_word' id='word_1_46' title='bbox 491 1189 576 1254; x_wconf 89' lang='lat' dir='ltr'><strong>serui</strong></span> <span class='ocrx_word' id='word_1_47' title='bbox 599 1187 820 1279; x_wconf 83' lang='lat' dir='ltr'><strong>complexibus</strong></span> <span class='ocrx_word' id='word_1_48' title='bbox 843 1198 898 1256; x_wconf 87' lang='lat' dir='ltr'><strong>aut</strong></span> <span class='ocrx_word' id='word_1_49' title='bbox 918 1191 1041 1280; x_wconf 87' lang='lat' dir='ltr'><strong>equitis.</strong></span> <span class='ocrx_word' id='word_1_50' title='bbox 1072 1190 1137 1272; x_wconf 91' lang='lat' dir='ltr'><strong>dic,</strong></span> 
     </span>
    </p>

    <p class='ocr_par' dir='ltr' id='par_1_9' title="bbox 253 1297 1358 1388">
     <span class='ocr_line' id='line_1_9' title="bbox 253 1297 1358 1388; baseline 0 -20"><span class='ocrx_word' id='word_1_51' title='bbox 253 1301 304 1368; x_wconf 91' lang='lat' dir='ltr'><strong>dic</strong></span> <span class='ocrx_word' id='word_1_52' title='bbox 326 1298 480 1388; x_wconf 86' lang='lat' dir='ltr'><strong>aliquem,</strong></span> <span class='ocrx_word' id='word_1_53' title='bbox 503 1297 612 1379; x_wconf 89' lang='lat' dir='ltr'><strong>sodes,</strong></span> <span class='ocrx_word' id='word_1_54' title='bbox 637 1298 703 1380; x_wconf 93' lang='lat' dir='ltr'><strong>hic,</strong></span> <span class='ocrx_word' id='word_1_55' title='bbox 727 1298 935 1385; x_wconf 83' lang='lat' dir='ltr'><strong>Quintiliane,</strong></span> <span class='ocrx_word' id='word_1_56' title='bbox 959 1298 1110 1368; x_wconf 86' lang='lat' dir='ltr'><strong>colorem.</strong></span> <span class='ocrx_word' id='word_1_57' title='bbox 1294 1311 1358 1368; x_wconf 78' lang='lat'><strong>280</strong></span> 
     </span>
    </p>

    <p class='ocr_par' dir='ltr' id='par_1_10' title="bbox 251 1403 1106 1502">
     <span class='ocr_line' id='line_1_10' title="bbox 251 1403 1106 1502; baseline 0 -26"><span class='ocrx_word' id='word_1_58' title='bbox 251 1409 434 1489; x_wconf 89' lang='lat' dir='ltr'><strong>haeremus,</strong></span> <span class='ocrx_word' id='word_1_59' title='bbox 458 1407 507 1476; x_wconf 88' lang='lat' dir='ltr'><strong>dic</strong></span> <span class='ocrx_word' id='word_1_60' title='bbox 528 1409 606 1501; x_wconf 90' lang='lat' dir='ltr'><strong>ipsa.</strong></span> <span class='ocrx_word' id='word_1_61' title='bbox 637 1403 738 1476; x_wconf 83' lang='lat' dir='ltr'><strong>“olim</strong></span> <span class='ocrx_word' id='word_1_62' title='bbox 762 1405 981 1478; x_wconf 86' lang='lat' dir='ltr'><strong>conuenerat’&#39;</strong></span> <span class='ocrx_word' id='word_1_63' title='bbox 1005 1411 1106 1502; x_wconf 85' lang='lat' dir='ltr'><strong>inquit</strong></span> 
     </span>
    </p>

    <p class='ocr_par' dir='ltr' id='par_1_11' title="bbox 247 1515 1162 1614">
     <span class='ocr_line' id='line_1_11' title="bbox 247 1515 1162 1614; baseline -0.002 -26"><span class='ocrx_word' id='word_1_64' title='bbox 247 1515 310 1588; x_wconf 87' lang='lat' dir='ltr'><strong>“ut</strong></span> <span class='ocrx_word' id='word_1_65' title='bbox 331 1523 452 1588; x_wconf 88' lang='lat' dir='ltr'><strong>iaceres</strong></span> <span class='ocrx_word' id='word_1_66' title='bbox 475 1527 511 1584; x_wconf 88' lang='lat' dir='ltr'><strong>tu</strong></span> <span class='ocrx_word' id='word_1_67' title='bbox 533 1518 620 1610; x_wconf 90' lang='lat' dir='ltr'><strong>quod</strong></span> <span class='ocrx_word' id='word_1_68' title='bbox 643 1519 758 1600; x_wconf 88' lang='lat' dir='ltr'><strong>uelles,</strong></span> <span class='ocrx_word' id='word_1_69' title='bbox 780 1543 927 1588; x_wconf 88' lang='lat' dir='ltr'><strong>necnon</strong></span> <span class='ocrx_word' id='word_1_70' title='bbox 949 1543 1009 1614; x_wconf 83' lang='lat' dir='ltr'><strong>ego</strong></span> <span class='ocrx_word' id='word_1_71' title='bbox 1032 1541 1162 1612; x_wconf 90' lang='lat' dir='ltr'><strong>possem</strong></span> 
     </span>
    </p>

    <p class='ocr_par' dir='ltr' id='par_1_12' title="bbox 251 1627 1053 1724">
     <span class='ocr_line' id='line_1_12' title="bbox 251 1627 1053 1724; baseline -0.004 -26"><span class='ocrx_word' id='word_1_72' title='bbox 251 1629 418 1724; x_wconf 83' lang='lat' dir='ltr'><strong>indulgere</strong></span> <span class='ocrx_word' id='word_1_73' title='bbox 440 1629 525 1696; x_wconf 89' lang='lat' dir='ltr'><strong>mibi.</strong></span> <span class='ocrx_word' id='word_1_74' title='bbox 561 1629 680 1696; x_wconf 86' lang='lat' dir='ltr'><strong>clames</strong></span> <span class='ocrx_word' id='word_1_75' title='bbox 702 1629 779 1697; x_wconf 89' lang='lat' dir='ltr'><strong>licet</strong></span> <span class='ocrx_word' id='word_1_76' title='bbox 801 1638 833 1696; x_wconf 87' lang='lat' dir='ltr'><strong>et</strong></span> <span class='ocrx_word' id='word_1_77' title='bbox 854 1652 942 1698; x_wconf 89' lang='lat' dir='ltr'><strong>mare</strong></span> <span class='ocrx_word' id='word_1_78' title='bbox 963 1627 1053 1696; x_wconf 89' lang='lat' dir='ltr'><strong>caclo</strong></span> 
     </span>
    </p>

    <p class='ocr_par' dir='ltr' id='par_1_13' title="bbox 251 1736 1122 1820">
     <span class='ocr_line' id='line_1_13' title="bbox 251 1736 1122 1820; baseline -0.006 -9"><span class='ocrx_word' id='word_1_79' title='bbox 251 1739 440 1820; x_wconf 82' lang='lat' dir='ltr'><strong>contundes,</strong></span> <span class='ocrx_word' id='word_1_80' title='bbox 463 1738 560 1805; x_wconf 90' lang='lat' dir='ltr'><strong>homo</strong></span> <span class='ocrx_word' id='word_1_81' title='bbox 583 1736 685 1807; x_wconf 85' lang='lat' dir='ltr'><strong>sum.’&#39;</strong></span> <span class='ocrx_word' id='word_1_82' title='bbox 718 1740 795 1807; x_wconf 89' lang='lat' dir='ltr'><strong>nihil</strong></span> <span class='ocrx_word' id='word_1_83' title='bbox 817 1749 866 1807; x_wconf 86' lang='lat' dir='ltr'><strong>est</strong></span> <span class='ocrx_word' id='word_1_84' title='bbox 888 1740 1038 1807; x_wconf 90' lang='lat' dir='ltr'><strong>audacius</strong></span> <span class='ocrx_word' id='word_1_85' title='bbox 1060 1737 1122 1806; x_wconf 87' lang='lat' dir='ltr'><strong>illis</strong></span> 
     </span>
    </p>

    <p class='ocr_par' dir='ltr' id='par_1_14' title="bbox 253 1850 1359 2058">
     <span class='ocr_line' id='line_1_14' title="bbox 253 1850 1359 1944; baseline 0.002 -26"><span class='ocrx_word' id='word_1_86' title='bbox 253 1851 434 1944; x_wconf 86' lang='lat' dir='ltr'><strong>deprensis,</strong></span> <span class='ocrx_word' id='word_1_87' title='bbox 456 1850 536 1915; x_wconf 87' lang='lat' dir='ltr'><strong>iram</strong></span> <span class='ocrx_word' id='word_1_88' title='bbox 558 1858 655 1943; x_wconf 85' lang='lat' dir='ltr'><strong>atque</strong></span> <span class='ocrx_word' id='word_1_89' title='bbox 677 1852 799 1918; x_wconf 91' lang='lat' dir='ltr'><strong>animos</strong></span> <span class='ocrx_word' id='word_1_90' title='bbox 823 1873 840 1917; x_wconf 90' lang='lat' dir='ltr'><strong>e</strong></span> <span class='ocrx_word' id='word_1_91' title='bbox 862 1851 990 1918; x_wconf 80' lang='lat' dir='ltr'><strong>crimine</strong></span> <span class='ocrx_word' id='word_1_92' title='bbox 1013 1858 1150 1917; x_wconf 88' lang='lat' dir='ltr'><strong>sumunt.</strong></span> <span class='ocrx_word' id='word_1_93' title='bbox 1295 1861 1359 1920; x_wconf 80' lang='lat'><strong>285</strong></span> 
     </span>
     <span class='ocr_line' id='line_1_15' title="bbox 339 1957 1340 2058; baseline 0.006 -34"><span class='ocrx_word' id='word_1_94' title='bbox 339 1957 433 2026; x_wconf 90' lang='lat' dir='ltr'><strong>Vnde</strong></span> <span class='ocrx_word' id='word_1_95' title='bbox 455 1958 537 2027; x_wconf 90' lang='lat' dir='ltr'><strong>haec</strong></span> <span class='ocrx_word' id='word_1_96' title='bbox 558 1971 700 2027; x_wconf 87' lang='lat' dir='ltr'><strong>monstra</strong></span> <span class='ocrx_word' id='word_1_97' title='bbox 722 1969 829 2028; x_wconf 87' lang='lat' dir='ltr'><strong>tamen</strong></span> <span class='ocrx_word' id='word_1_98' title='bbox 851 1959 905 2028; x_wconf 90' lang='lat' dir='ltr'><strong>uel</strong></span> <span class='ocrx_word' id='word_1_99' title='bbox 927 1982 991 2052; x_wconf 90' lang='lat' dir='ltr'><strong>quo</strong></span> <span class='ocrx_word' id='word_1_100' title='bbox 1014 1960 1053 2027; x_wconf 91' lang='lat' dir='ltr'><strong>de</strong></span> <span class='ocrx_word' id='word_1_101' title='bbox 1076 1963 1163 2029; x_wconf 87' lang='lat' dir='ltr'><strong>fonte</strong></span> <span class='ocrx_word' id='word_1_102' title='bbox 1183 1960 1340 2058; x_wconf 81' lang='lat' dir='ltr'><strong>requiris?</strong></span> 
     </span>
    </p>

    <p class='ocr_par' dir='ltr' id='par_1_15' title="bbox 250 2067 1008 2163">
     <span class='ocr_line' id='line_1_16' title="bbox 250 2067 1008 2163; baseline -0.001 -25"><span class='ocrx_word' id='word_1_103' title='bbox 250 2067 433 2163; x_wconf 86' lang='lat' dir='ltr'><strong>praestabat</strong></span> <span class='ocrx_word' id='word_1_104' title='bbox 455 2078 559 2137; x_wconf 88' lang='lat' dir='ltr'><strong>castas</strong></span> <span class='ocrx_word' id='word_1_105' title='bbox 581 2069 708 2138; x_wconf 89' lang='lat' dir='ltr'><strong>humilis</strong></span> <span class='ocrx_word' id='word_1_106' title='bbox 730 2072 857 2138; x_wconf 90' lang='lat' dir='ltr'><strong>lortuna</strong></span> <span class='ocrx_word' id='word_1_107' title='bbox 877 2068 1008 2138; x_wconf 90' lang='lat' dir='ltr'><strong>Latinas</strong></span> 
     </span>
    </p>

    <p class='ocr_par' dir='ltr' id='par_1_16' title="bbox 251 2180 1070 2275">
     <span class='ocr_line' id='line_1_17' title="bbox 251 2180 1070 2275; baseline -0.004 -26"><span class='ocrx_word' id='word_1_108' title='bbox 251 2181 425 2275; x_wconf 89' lang='lat' dir='ltr'><strong>quondam,</strong></span> <span class='ocrx_word' id='word_1_109' title='bbox 447 2203 509 2247; x_wconf 90' lang='lat' dir='ltr'><strong>nec</strong></span> <span class='ocrx_word' id='word_1_110' title='bbox 531 2182 615 2247; x_wconf 90' lang='lat' dir='ltr'><strong>uitiis</strong></span> <span class='ocrx_word' id='word_1_111' title='bbox 638 2182 781 2273; x_wconf 85' lang='lat' dir='ltr'><strong>contingi</strong></span> <span class='ocrx_word' id='word_1_112' title='bbox 803 2204 903 2274; x_wconf 92' lang='lat' dir='ltr'><strong>parua</strong></span> <span class='ocrx_word' id='word_1_113' title='bbox 926 2180 1070 2248; x_wconf 86' lang='lat' dir='ltr'><strong>sinebant</strong></span> 
     </span>
    </p>
   </div>
   <div class='ocr_carea' id='block_1_3' title="bbox 250 2319 1357 2424">
    <p class='ocr_par' dir='ltr' id='par_1_17' title="bbox 250 2319 1357 2424">
     <span class='ocr_line' id='line_1_18' title="bbox 250 2319 1357 2424; baseline 0.002 -20"><span class='ocrx_word' id='word_1_114' title='bbox 250 2348 317 2405; x_wconf 76' lang='lat'><strong>274.</strong></span> <span class='ocrx_word' id='word_1_115' title='bbox 338 2355 425 2421; x_wconf 88' lang='lat' dir='ltr'><strong>atque</strong></span> <span class='ocrx_word' id='word_1_116' title='bbox 445 2347 640 2423; x_wconf 82' lang='lat' dir='ltr'><strong>spectantibus</strong></span> <span class='ocrx_word' id='word_1_117' title='bbox 662 2343 776 2420; x_wconf 75' lang='lat' dir='ltr'><strong>aelios,</strong></span> <span class='ocrx_word' id='word_1_118' title='bbox 798 2353 884 2421; x_wconf 86' lang='lat' dir='ltr'><strong>atque</strong></span> <span class='ocrx_word' id='word_1_119' title='bbox 902 2346 972 2424; x_wconf 89' lang='lat' dir='ltr'><strong>ipsis</strong></span> <span class='ocrx_word' id='word_1_120' title='bbox 988 2345 1184 2423; x_wconf 86' lang='lat' dir='ltr'><strong>spectantibus</strong></span> <span class='ocrx_word' id='word_1_121' title='bbox 1204 2343 1249 2420; x_wconf 83' lang='lat' dir='ltr'><strong>uel</strong></span> <span class='ocrx_word' id='word_1_122' title='bbox 1270 2319 1357 2424; x_wconf 76' lang='lat' dir='ltr'><strong>alque</strong></span> 
     </span>
    </p>
   </div>
   <div class='ocr_carea' id='block_1_4' title="bbox 220 2421 1409 4262">
    <p class='ocr_par' dir='ltr' id='par_1_18' title="bbox 244 2421 1409 3880">
     <span class='ocr_line' id='line_1_19' title="bbox 252 2421 1355 2516; baseline 0.002 -36"><span class='ocrx_word' id='word_1_123' title='bbox 252 2425 323 2515; x_wconf 89' lang='lat' dir='ltr'><strong>ipsis</strong></span> <span class='ocrx_word' id='word_1_124' title='bbox 336 2423 569 2499; x_wconf 81' lang='lat' dir='ltr'><strong>exspectantibus</strong></span> <span class='ocrx_word' id='word_1_125' title='bbox 589 2421 636 2478; x_wconf 81' lang='lat' dir='ltr'><strong>uel</strong></span> <span class='ocrx_word' id='word_1_126' title='bbox 652 2433 738 2497; x_wconf 85' lang='lat' dir='ltr'><strong>atque</strong></span> <span class='ocrx_word' id='word_1_127' title='bbox 749 2423 807 2514; x_wconf 79' lang='lat' dir='ltr'><strong>illis</strong></span> <span class='ocrx_word' id='word_1_128' title='bbox 820 2423 1016 2511; x_wconf 75' lang='lat' dir='ltr'><strong>spectantibus</strong></span> <span class='ocrx_word' id='word_1_129' title='bbox 1032 2438 1063 2489; x_wconf 84' lang='grc' dir='ltr'><strong>ς,</strong></span> <span class='ocrx_word' id='word_1_130' title='bbox 1084 2439 1139 2516; x_wconf 70' lang='lat' dir='ltr'><strong>nec</strong></span> <span class='ocrx_word' id='word_1_131' title='bbox 1150 2439 1206 2512; x_wconf 78' lang='lat' dir='ltr'><strong>non</strong></span> <span class='ocrx_word' id='word_1_132' title='bbox 1218 2432 1355 2499; x_wconf 84' lang='lat' dir='ltr'><strong>spectan-</strong></span> 
     </span>
     <span class='ocr_line' id='line_1_20' title="bbox 249 2497 1355 2652; baseline 0.001 -18"><span class='ocrx_word' id='word_1_133' title='bbox 249 2497 1355 2652; x_wconf 58' lang='lat' dir='ltr'><strong>tlttfttt&#39;tftt‘l“ttltttt‘t;...¹lttilttttaltttttt</strong></span> 
     </span>
     <span class='ocr_line' id='line_1_21' title="bbox 244 2649 1356 2799; baseline 0 -12"><span class='ocrx_word' id='word_1_134' title='bbox 244 2652 872 2799; x_wconf 44' lang='lat' dir='ltr'><strong>tutti·utilitit‘ttttltu</strong></span> <span class='ocrx_word' id='word_1_135' title='bbox 887 2649 1273 2796; x_wconf 68' lang='lat' dir='ltr'><strong>tf‘ttttltttttttt</strong></span> <span class='ocrx_word' id='word_1_136' title='bbox 1289 2653 1356 2788; x_wconf 59' lang='lat' dir='ltr'><strong>il&#39;</strong></span> 
     </span>
     <span class='ocr_line' id='line_1_22' title="bbox 249 2799 1355 2889; baseline 0.004 -26"><span class='ocrx_word' id='word_1_137' title='bbox 249 2826 318 2864; x_wconf 89' lang='lat' dir='ltr'><strong>ruca</strong></span> <span class='ocrx_word' id='word_1_138' title='bbox 334 2822 365 2875; x_wconf 90' lang='grc' dir='ltr'><strong>ς,</strong></span> <span class='ocrx_word' id='word_1_139' title='bbox 386 2816 524 2864; x_wconf 58' lang='lat' dir='ltr'><strong>cucurflca</strong></span> <span class='ocrx_word' id='word_1_140' title='bbox 538 2807 557 2865; x_wconf 77' lang='lat' dir='ltr'>d</span> <span class='ocrx_word' id='word_1_141' title='bbox 572 2825 636 2863; x_wconf 82' lang='lat' dir='ltr'><strong>cum</strong></span> <span class='ocrx_word' id='word_1_142' title='bbox 650 2805 751 2889; x_wconf 69' lang='lat' dir='ltr'><strong>sobole</strong></span> <span class='ocrx_word' id='word_1_143' title='bbox 770 2799 887 2863; x_wconf 81' lang='lat' dir='ltr'><strong>‘caruca</strong></span> <span class='ocrx_word' id='word_1_144' title='bbox 903 2807 1030 2874; x_wconf 86' lang='lat' dir='ltr'><strong>anicula,</strong></span> <span class='ocrx_word' id='word_1_145' title='bbox 1051 2823 1126 2881; x_wconf 87' lang='lat' dir='ltr'><strong>quae</strong></span> <span class='ocrx_word' id='word_1_146' title='bbox 1139 2805 1248 2863; x_wconf 88' lang='lat' dir='ltr'><strong>alienos</strong></span> <span class='ocrx_word' id='word_1_147' title='bbox 1258 2806 1355 2868; x_wconf 80' lang='lat' dir='ltr'><strong>scetus</strong></span> 
     </span>
     <span class='ocr_line' id='line_1_23' title="bbox 249 2881 1356 2943; baseline 0.002 -2"><span class='ocrx_word' id='word_1_148' title='bbox 249 2883 364 2941; x_wconf 88' lang='lat' dir='ltr'><strong>educat.</strong></span> <span class='ocrx_word' id='word_1_149' title='bbox 388 2883 462 2940; x_wconf 82' lang='lat' dir='ltr'><strong>lianc</strong></span> <span class='ocrx_word' id='word_1_150' title='bbox 478 2884 577 2940; x_wconf 90' lang='lat' dir='ltr'><strong>dicunt</strong></span> <span class='ocrx_word' id='word_1_151' title='bbox 592 2903 657 2940; x_wconf 88' lang='lat' dir='ltr'><strong>esse</strong></span> <span class='ocrx_word' id='word_1_152' title='bbox 673 2881 802 2940; x_wconf 87' lang='lat' dir='ltr'><strong>linolam.</strong></span> <span class='ocrx_word' id='word_1_153' title='bbox 825 2883 901 2940; x_wconf 90' lang='lat' dir='ltr'><strong>unde</strong></span> <span class='ocrx_word' id='word_1_154' title='bbox 920 2882 975 2939; x_wconf 86' lang='lat' dir='ltr'><strong>lroc</strong></span> <span class='ocrx_word' id='word_1_155' title='bbox 992 2883 1055 2939; x_wconf 91' lang='lat' dir='ltr'><strong>loco</strong></span> <span class='ocrx_word' id='word_1_156' title='bbox 1075 2883 1206 2939; x_wconf 87' lang='lat' dir='ltr'><strong>maritum</strong></span> <span class='ocrx_word' id='word_1_157' title='bbox 1221 2902 1356 2943; x_wconf 83' lang='lat' dir='ltr'><strong>curucam</strong></span> 
     </span>
     <span class='ocr_line' id='line_1_24' title="bbox 248 2959 1357 3036; baseline 0.004 -21"><span class='ocrx_word' id='word_1_158' title='bbox 248 2969 334 3016; x_wconf 83' lang='lat' dir='ltr'><strong>uocat</strong></span> <span class='ocrx_word' id='word_1_159' title='bbox 353 2961 493 3028; x_wconf 86' lang='lat' dir='ltr'><strong>irrisorie,</strong></span> <span class='ocrx_word' id='word_1_160' title='bbox 515 2961 564 3036; x_wconf 90' lang='lat' dir='ltr'><strong>qui</strong></span> <span class='ocrx_word' id='word_1_161' title='bbox 584 2961 695 3016; x_wconf 88' lang='lat' dir='ltr'><strong>alienos</strong></span> <span class='ocrx_word' id='word_1_162' title='bbox 715 2959 790 3015; x_wconf 83' lang='lat' dir='ltr'><strong>filios</strong></span> <span class='ocrx_word' id='word_1_163' title='bbox 812 2977 847 3016; x_wconf 86' lang='lat' dir='ltr'><strong>ex</strong></span> <span class='ocrx_word' id='word_1_164' title='bbox 867 2977 918 3016; x_wconf 86' lang='lat' dir='ltr'><strong>sna</strong></span> <span class='ocrx_word' id='word_1_165' title='bbox 940 2977 1029 3016; x_wconf 83' lang='lat' dir='ltr'><strong>uxore</strong></span> <span class='ocrx_word' id='word_1_166' title='bbox 1045 2968 1128 3016; x_wconf 84' lang='lat' dir='ltr'><strong>natos</strong></span> <span class='ocrx_word' id='word_1_167' title='bbox 1145 2961 1240 3017; x_wconf 90' lang='lat' dir='ltr'><strong>nutrit.</strong></span> <span class='ocrx_word' id='word_1_168' title='bbox 1262 2960 1357 3018; x_wconf 79' lang='lat' dir='ltr'><strong>fertur</strong></span> 
     </span>
     <span class='ocr_line' id='line_1_25' title="bbox 249 3035 1354 3097; baseline 0.004 -4"><span class='ocrx_word' id='word_1_169' title='bbox 249 3047 344 3093; x_wconf 82' lang='lat' dir='ltr'><strong>autern</strong></span> <span class='ocrx_word' id='word_1_170' title='bbox 366 3035 483 3092; x_wconf 88' lang='lat' dir='ltr'><strong>cuculus</strong></span> <span class='ocrx_word' id='word_1_171' title='bbox 500 3055 605 3093; x_wconf 87' lang='lat' dir='ltr'><strong>curuca</strong></span> <span class='ocrx_word' id='word_1_172' title='bbox 620 3039 739 3094; x_wconf 87' lang='lat' dir='ltr'><strong>absente</strong></span> <span class='ocrx_word' id='word_1_173' title='bbox 759 3054 814 3092; x_wconf 89' lang='lat' dir='ltr'><strong>oua</strong></span> <span class='ocrx_word' id='word_1_174' title='bbox 832 3038 893 3093; x_wconf 90' lang='lat' dir='ltr'><strong>eius</strong></span> <span class='ocrx_word' id='word_1_175' title='bbox 911 3039 1028 3094; x_wconf 85' lang='lat' dir='ltr'><strong>sorbere</strong></span> <span class='ocrx_word' id='word_1_176' title='bbox 1045 3047 1073 3093; x_wconf 90' lang='lat' dir='ltr'><strong>et</strong></span> <span class='ocrx_word' id='word_1_177' title='bbox 1087 3055 1139 3093; x_wconf 88' lang='lat' dir='ltr'><strong>sua</strong></span> <span class='ocrx_word' id='word_1_178' title='bbox 1155 3055 1211 3093; x_wconf 86' lang='lat' dir='ltr'><strong>oua</strong></span> <span class='ocrx_word' id='word_1_179' title='bbox 1227 3036 1286 3093; x_wconf 90' lang='lat' dir='ltr'><strong>illic</strong></span> <span class='ocrx_word' id='word_1_180' title='bbox 1299 3037 1354 3097; x_wconf 81' lang='lat' dir='ltr'><strong>cle·</strong></span> 
     </span>
     <span class='ocr_line' id='line_1_26' title="bbox 248 3111 1356 3190; baseline 0.005 -22"><span class='ocrx_word' id='word_1_181' title='bbox 248 3131 358 3190; x_wconf 87' lang='lat' dir='ltr'><strong>ponere</strong></span> <span class='ocrx_word' id='word_1_182' title='bbox 379 3123 408 3170; x_wconf 91' lang='lat' dir='ltr'><strong>et</strong></span> <span class='ocrx_word' id='word_1_183' title='bbox 428 3114 517 3170; x_wconf 85' lang='lat' dir='ltr'><strong>abire.</strong></span> <span class='ocrx_word' id='word_1_184' title='bbox 548 3123 579 3170; x_wconf 88' lang='lat' dir='ltr'><strong>at</strong></span> <span class='ocrx_word' id='word_1_185' title='bbox 599 3131 703 3170; x_wconf 87' lang='lat' dir='ltr'><strong>curuca</strong></span> <span class='ocrx_word' id='word_1_186' title='bbox 728 3121 834 3190; x_wconf 88' lang='lat' dir='ltr'><strong>putans</strong></span> <span class='ocrx_word' id='word_1_187' title='bbox 857 3111 934 3188; x_wconf 89' lang='lat' dir='ltr'><strong>quod</strong></span> <span class='ocrx_word' id='word_1_188' title='bbox 955 3131 1007 3170; x_wconf 88' lang='lat' dir='ltr'><strong>sua</strong></span> <span class='ocrx_word' id='word_1_189' title='bbox 1033 3112 1091 3168; x_wconf 89' lang='lat' dir='ltr'><strong>sint</strong></span> <span class='ocrx_word' id='word_1_190' title='bbox 1110 3113 1193 3171; x_wconf 80' lang='lat' dir='ltr'><strong>louet</strong></span> <span class='ocrx_word' id='word_1_191' title='bbox 1212 3112 1275 3182; x_wconf 90' lang='lat' dir='ltr'><strong>illa,</strong></span> <span class='ocrx_word' id='word_1_192' title='bbox 1300 3113 1356 3174; x_wconf 86' lang='lat' dir='ltr'><strong>sed</strong></span> 
     </span>
     <span class='ocr_line' id='line_1_27' title="bbox 248 3189 1356 3267; baseline 0.004 -23"><span class='ocrx_word' id='word_1_193' title='bbox 248 3199 402 3266; x_wconf 85' lang='lat' dir='ltr'><strong>postquam</strong></span> <span class='ocrx_word' id='word_1_194' title='bbox 428 3189 500 3267; x_wconf 90' lang='lat' dir='ltr'><strong>pulli</strong></span> <span class='ocrx_word' id='word_1_195' title='bbox 525 3189 616 3247; x_wconf 85' lang='lat' dir='ltr'><strong>adulti</strong></span> <span class='ocrx_word' id='word_1_196' title='bbox 640 3189 749 3246; x_wconf 86' lang='lat' dir='ltr'><strong>suerint</strong></span> <span class='ocrx_word' id='word_1_197' title='bbox 774 3207 907 3246; x_wconf 83' lang='lat' dir='ltr'><strong>curucam</strong></span> <span class='ocrx_word' id='word_1_198' title='bbox 933 3190 1072 3246; x_wconf 85' lang='lat' dir='ltr'><strong>nutricem</strong></span> <span class='ocrx_word' id='word_1_199' title='bbox 1099 3207 1178 3246; x_wconf 85' lang='lat' dir='ltr'><strong>suam</strong></span> <span class='ocrx_word' id='word_1_200' title='bbox 1199 3191 1356 3248; x_wconf 87' lang='lat' dir='ltr'><strong>comedunt</strong></span> 
     </span>
     <span class='ocr_line' id='line_1_28' title="bbox 249 3260 1354 3340; baseline 0 -16"><span class='ocrx_word' id='word_1_201' title='bbox 249 3274 278 3324; x_wconf 90' lang='lat' dir='ltr'><strong>et</strong></span> <span class='ocrx_word' id='word_1_202' title='bbox 298 3265 335 3322; x_wconf 88' lang='lat' dir='ltr'><strong>de</strong></span> <span class='ocrx_word' id='word_1_203' title='bbox 355 3265 425 3322; x_wconf 88' lang='lat' dir='ltr'><strong>nido</strong></span> <span class='ocrx_word' id='word_1_204' title='bbox 446 3260 603 3324; x_wconf 70' lang='lat' dir='ltr'><strong>recedunt.³</strong></span> <span class='ocrx_word' id='word_1_205' title='bbox 635 3283 741 3321; x_wconf 81' lang='lat' dir='ltr'><strong>curura</strong></span> <span class='ocrx_word' id='word_1_206' title='bbox 761 3273 813 3322; x_wconf 77' lang='lat' dir='ltr'><strong>crat</strong></span> <span class='ocrx_word' id='word_1_207' title='bbox 833 3284 989 3322; x_wconf 84' lang='lat' dir='ltr'><strong>cucurruca</strong></span> <span class='ocrx_word' id='word_1_208' title='bbox 1011 3263 1201 3324; x_wconf 79' lang='lat' dir='ltr'><strong>Gosuubonus</strong></span> <span class='ocrx_word' id='word_1_209' title='bbox 1224 3265 1354 3340; x_wconf 78' lang='lat' dir='ltr'><strong>(Gasan-</strong></span> 
     </span>
     <span class='ocr_line' id='line_1_29' title="bbox 248 3340 1355 3418; baseline 0.005 -20"><span class='ocrx_word' id='word_1_210' title='bbox 248 3340 371 3399; x_wconf 79' lang='lat' dir='ltr'><strong>boatnuc</strong></span> <span class='ocrx_word' id='word_1_211' title='bbox 383 3361 412 3418; x_wconf 87' lang='lat' dir='ltr'><strong>p.</strong></span> <span class='ocrx_word' id='word_1_212' title='bbox 425 3343 492 3418; x_wconf 77' lang='lat'><strong>59),</strong></span> <span class='ocrx_word' id='word_1_213' title='bbox 513 3361 654 3399; x_wconf 85' lang='lat' dir='ltr'><strong>cucuruca</strong></span> <span class='ocrx_word' id='word_1_214' title='bbox 667 3344 809 3399; x_wconf 76' lang='lat' dir='ltr'><strong>Stcrzius</strong></span> <span class='ocrx_word' id='word_1_215' title='bbox 822 3361 888 3418; x_wconf 84' lang='lat' dir='ltr'><strong>opp.</strong></span> <span class='ocrx_word' id='word_1_216' title='bbox 903 3361 932 3418; x_wconf 87' lang='lat' dir='ltr'><strong>p.</strong></span> <span class='ocrx_word' id='word_1_217' title='bbox 945 3345 1017 3410; x_wconf 76' lang='lat'><strong>165,</strong></span> <span class='ocrx_word' id='word_1_218' title='bbox 1039 3361 1159 3400; x_wconf 80' lang='lat' dir='ltr'><strong>cucuma</strong></span> <span class='ocrx_word' id='word_1_219' title='bbox 1173 3343 1355 3403; x_wconf 77' lang='lat' dir='ltr'><strong>Lindsnbro·</strong></span> 
     </span>
     <span class='ocr_line' id='line_1_30' title="bbox 246 3419 1355 3497; baseline 0.005 -23"><span class='ocrx_word' id='word_1_220' title='bbox 246 3421 323 3494; x_wconf 68' lang='lat' dir='ltr'><strong>piiss,</strong></span> <span class='ocrx_word' id='word_1_221' title='bbox 343 3421 422 3477; x_wconf 85' lang='lat' dir='ltr'><strong>urica</strong></span> <span class='ocrx_word' id='word_1_222' title='bbox 438 3419 605 3477; x_wconf 77' lang='lat' dir='ltr'><strong>Sobuosius</strong></span> <span class='ocrx_word' id='word_1_223' title='bbox 617 3436 709 3476; x_wconf 78' lang='lat' dir='ltr'><strong>sacro.</strong></span> <span class='ocrx_word' id='word_1_224' title='bbox 721 3419 801 3476; x_wconf 81' lang='lat' dir='ltr'><strong>Plio.</strong></span> <span class='ocrx_word' id='word_1_225' title='bbox 814 3438 842 3494; x_wconf 81' lang='lat' dir='ltr'><strong>p.</strong></span> <span class='ocrx_word' id='word_1_226' title='bbox 854 3423 921 3478; x_wconf 78' lang='grc'><strong>893.</strong></span> <span class='ocrx_word' id='word_1_227' title='bbox 943 3419 980 3476; x_wconf 84' lang='lat' dir='ltr'><strong>ad</strong></span> <span class='ocrx_word' id='word_1_228' title='bbox 993 3419 1110 3477; x_wconf 59' lang='lat' dir='ltr'><strong>Ueturii.</strong></span> <span class='ocrx_word' id='word_1_229' title='bbox 1122 3419 1156 3476; x_wconf 84' lang='lat' dir='ltr'><strong>de</strong></span> <span class='ocrx_word' id='word_1_230' title='bbox 1165 3419 1237 3496; x_wconf 82' lang='lat' dir='ltr'><strong>pall.</strong></span> <span class='ocrx_word' id='word_1_231' title='bbox 1252 3425 1355 3497; x_wconf 71' lang='lat' dir='ltr'><strong>past,</strong></span> 
     </span>
     <span class='ocr_line' id='line_1_31' title="bbox 248 3496 1409 3587; baseline 0.008 -37"><span class='ocrx_word' id='word_1_232' title='bbox 248 3497 339 3552; x_wconf 86' lang='lat' dir='ltr'><strong>urtica</strong></span> <span class='ocrx_word' id='word_1_233' title='bbox 360 3504 415 3554; x_wconf 78' lang='lat' dir='ltr'><strong>out</strong></span> <span class='ocrx_word' id='word_1_234' title='bbox 436 3515 522 3556; x_wconf 89' lang='lat' dir='ltr'><strong>eruca</strong></span> <span class='ocrx_word' id='word_1_235' title='bbox 542 3496 995 3570; x_wconf 78' lang='lat' dir='ltr'><strong>Alciotusporerp.iur.l&#39;11,3.</strong></span> <span class='ocrx_word' id='word_1_236' title='bbox 1073 3500 1141 3582; x_wconf 63' lang='lat'><strong>277.</strong></span> <span class='ocrx_word' id='word_1_237' title='bbox 1162 3501 1284 3557; x_wconf 85' lang='lat' dir='ltr'><strong>exorbes</strong></span> <span class='ocrx_word' id='word_1_238' title='bbox 1298 3498 1356 3572; x_wconf 74' lang='lat' dir='ltr'><strong>Pfr</strong></span> <span class='ocrx_word' id='word_1_239' title='bbox 1405 3555 1409 3587; x_wconf 57' lang='grc'>1</span> 
     </span>
     <span class='ocr_line' id='line_1_32' title="bbox 247 3572 1275 3649; baseline 0.002 -19"><span class='ocrx_word' id='word_1_240' title='bbox 247 3575 384 3630; x_wconf 78' lang='lat' dir='ltr'><strong>exsorbes</strong></span> <span class='ocrx_word' id='word_1_241' title='bbox 403 3592 460 3649; x_wconf 80' lang='lat' dir='ltr'><strong>pu.</strong></span> <span class='ocrx_word' id='word_1_242' title='bbox 558 3575 663 3630; x_wconf 85' lang='lat' dir='ltr'><strong>scribta</strong></span> <span class='ocrx_word' id='word_1_243' title='bbox 683 3576 718 3629; x_wconf 87' lang='lat' dir='ltr'><strong>P.</strong></span> <span class='ocrx_word' id='word_1_244' title='bbox 818 3583 887 3648; x_wconf 92' lang='lat' dir='ltr'><strong>quot</strong></span> <span class='ocrx_word' id='word_1_245' title='bbox 906 3577 971 3630; x_wconf 78' lang='lat' dir='ltr'><strong>Pro:</strong></span> <span class='ocrx_word' id='word_1_246' title='bbox 993 3572 1069 3648; x_wconf 87' lang='lat' dir='ltr'><strong>quod</strong></span> <span class='ocrx_word' id='word_1_247' title='bbox 1089 3572 1136 3646; x_wconf 71' lang='grc' dir='ltr'><strong>Ῐς,</strong></span> <span class='ocrx_word' id='word_1_248' title='bbox 1156 3591 1227 3649; x_wconf 85' lang='lat' dir='ltr'><strong>quas</strong></span> <span class='ocrx_word' id='word_1_249' title='bbox 1248 3592 1275 3642; x_wconf 86' lang='grc' dir='ltr'><strong>ς.</strong></span> 
     </span>
     <span class='ocr_line' id='line_1_33' title="bbox 247 3648 1278 3743; baseline 0.004 -38"><span class='ocrx_word' id='word_1_250' title='bbox 247 3648 356 3706; x_wconf 88' lang='lat' dir='ltr'><strong>lecture</strong></span> <span class='ocrx_word' id='word_1_251' title='bbox 374 3667 433 3724; x_wconf 72' lang='lat' dir='ltr'><strong>poa:</strong></span> <span class='ocrx_word' id='word_1_252' title='bbox 453 3650 557 3708; x_wconf 65' lang='lat' dir='ltr'><strong>lectur«</strong></span> <span class='ocrx_word' id='word_1_253' title='bbox 570 3654 603 3718; x_wconf 92' lang='lat' dir='ltr'><strong>P,</strong></span> <span class='ocrx_word' id='word_1_254' title='bbox 624 3650 734 3708; x_wconf 87' lang='lat' dir='ltr'><strong>lectura</strong></span> <span class='ocrx_word' id='word_1_255' title='bbox 750 3648 781 3740; x_wconf 43' lang='lat' dir='ltr'><strong>b..</strong></span> <span class='ocrx_word' id='word_1_256' title='bbox 856 3653 922 3708; x_wconf 81' lang='grc'><strong>278.</strong></span> <span class='ocrx_word' id='word_1_257' title='bbox 944 3649 1077 3725; x_wconf 82' lang='lat' dir='ltr'><strong>zelotype</strong></span> <span class='ocrx_word' id='word_1_258' title='bbox 1098 3651 1229 3743; x_wconf 63' lang='lat' dir='ltr'><strong>legantur</strong></span> <span class='ocrx_word' id='word_1_259' title='bbox 1243 3656 1278 3709; x_wconf 89' lang='lat' dir='ltr'><strong>P.</strong></span> 
     </span>
     <span class='ocr_line' id='line_1_34' title="bbox 246 3724 1353 3880; baseline 0.005 -21"><span class='ocrx_word' id='word_1_260' title='bbox 246 3725 605 3862; x_wconf 54' lang='lat' dir='ltr'><strong>ttltt&#39;att‘htt‘i</strong></span> <span class='ocrx_word' id='word_1_261' title='bbox 626 3724 1353 3880; x_wconf 59' lang='lat' dir='ltr'><strong>r.t⁸t..tt.0⁰¹⁰ttt.⁹3‚ttt.t·lfttlttttt</strong></span> 
     </span>
    </p>

    <p class='ocr_par' dir='ltr' id='par_1_19' title="bbox 220 3881 1356 4258">
     <span class='ocr_line' id='line_1_35' title="bbox 220 3881 1356 3956; baseline 0.005 -20"><span class='ocrx_word' id='word_1_262' title='bbox 220 3892 223 3897; x_wconf 60' lang='lat'><strong>⁴</strong></span> <span class='ocrx_word' id='word_1_263' title='bbox 246 3881 338 3937; x_wconf 79' lang='lat' dir='ltr'><strong>oensis</strong></span> <span class='ocrx_word' id='word_1_264' title='bbox 348 3882 414 3938; x_wconf 85' lang='grc'><strong>408.</strong></span> <span class='ocrx_word' id='word_1_265' title='bbox 511 3885 578 3939; x_wconf 84' lang='lat'><strong>285.</strong></span> <span class='ocrx_word' id='word_1_266' title='bbox 600 3883 746 3938; x_wconf 86' lang='lat' dir='ltr'><strong>animose</strong></span> <span class='ocrx_word' id='word_1_267' title='bbox 769 3881 885 3938; x_wconf 86' lang='lat' dir='ltr'><strong>crimine</strong></span> <span class='ocrx_word' id='word_1_268' title='bbox 905 3885 1004 3956; x_wconf 84' lang='lat' dir='ltr'><strong>posui:</strong></span> <span class='ocrx_word' id='word_1_269' title='bbox 1031 3882 1139 3938; x_wconf 85' lang='lat' dir='ltr'><strong>animos</strong></span> <span class='ocrx_word' id='word_1_270' title='bbox 1160 3910 1172 3938; x_wconf 65' lang='lat' dir='ltr'><strong>s</strong></span> <span class='ocrx_word' id='word_1_271' title='bbox 1193 3883 1311 3942; x_wconf 86' lang='lat' dir='ltr'><strong>crimine</strong></span> <span class='ocrx_word' id='word_1_272' title='bbox 1326 3887 1356 3942; x_wconf 85' lang='lat' dir='ltr'><em>P</em></span> 
     </span>
     <span class='ocr_line' id='line_1_36' title="bbox 245 3957 1352 4056; baseline 0.004 -43"><span class='ocrx_word' id='word_1_273' title='bbox 245 3958 342 4031; x_wconf 77' lang='lat' dir='ltr'><strong>spatio</strong></span> <span class='ocrx_word' id='word_1_274' title='bbox 358 3959 467 4014; x_wconf 81' lang='lat' dir='ltr'><strong>minore</strong></span> <span class='ocrx_word' id='word_1_275' title='bbox 488 3977 574 4048; x_wconf 73' lang='lat' dir='ltr'><strong>poam</strong></span> <span class='ocrx_word' id='word_1_276' title='bbox 592 3977 650 4050; x_wconf 43' lang='lat' dir='ltr'><strong>pro·</strong></span> <span class='ocrx_word' id='word_1_277' title='bbox 661 3957 763 4014; x_wconf 85' lang='lat' dir='ltr'><strong>littero</strong></span> <span class='ocrx_word' id='word_1_278' title='bbox 785 3975 817 4026; x_wconf 91' lang='lat' dir='ltr'><strong>a,</strong></span> <span class='ocrx_word' id='word_1_279' title='bbox 848 3959 958 4015; x_wconf 87' lang='lat' dir='ltr'><strong>animos</strong></span> <span class='ocrx_word' id='word_1_280' title='bbox 980 3975 996 4015; x_wconf 90' lang='lat' dir='ltr'><strong>a</strong></span> <span class='ocrx_word' id='word_1_281' title='bbox 1018 3959 1134 4015; x_wconf 89' lang='lat' dir='ltr'><strong>crimine</strong></span> <span class='ocrx_word' id='word_1_282' title='bbox 1155 3975 1190 4016; x_wconf 84' lang='grc' dir='ltr'><strong>ω.</strong></span> <span class='ocrx_word' id='word_1_283' title='bbox 1324 3967 1352 4056; x_wconf 45' lang='grc'><strong>’.</strong></span> 
     </span>
     <span class='ocr_line' id='line_1_37' title="bbox 246 4036 1128 4258; baseline 0.001 -85"><span class='ocrx_word' id='word_1_284' title='bbox 246 4035 1353 4258; x_wconf 41' lang='lat' dir='ltr'><strong>ppfflcrnut</strong></span> 
     </span>
    </p>

    <p class='ocr_par' dir='ltr' id='par_1_20' title="bbox 266 4197 650 4262">
     <span class='ocr_line' id='line_1_38' title="bbox 266 4197 650 4262; baseline 0.01 -20"><span class='ocrx_word' id='word_1_285' title='bbox 266 4203 304 4242; x_wconf 87' lang='lat' dir='ltr'><strong>an</strong></span> <span class='ocrx_word' id='word_1_286' title='bbox 363 4206 402 4245; x_wconf 74' lang='lat' dir='ltr'><strong>w:</strong></span> <span class='ocrx_word' id='word_1_287' title='bbox 421 4207 484 4246; x_wconf 79' lang='lat' dir='ltr'><strong>sine</strong></span> <span class='ocrx_word' id='word_1_288' title='bbox 505 4197 535 4244; x_wconf 86' lang='lat' dir='ltr'><strong>at</strong></span> <span class='ocrx_word' id='word_1_289' title='bbox 585 4205 603 4262; x_wconf 71' lang='lat' dir='ltr'><strong><em>y</em></strong></span> <span class='ocrx_word' id='word_1_290' title='bbox 643 4230 650 4246; x_wconf 90' lang='lat'><strong>.</strong></span> 
     </span>
    </p>
   </div>
   <div class='ocr_carea' id='block_1_5' title="bbox 0 0 1518 4859">
    <p class='ocr_par' dir='ltr' id='par_1_21' title="bbox 0 0 1518 4859">
     <span class='ocr_line' id='line_1_39' title="bbox 0 0 1518 4859; baseline 0 2"><span class='ocrx_word' id='word_1_291' title='bbox 0 0 1518 4859; x_wconf 95' lang='lat' dir='ltr'><strong> </strong></span> 
     </span>
    </p>
   </div>
  </div>
 </body>
</html>
