3025 4859
282 408 358 484 120
660 418 695 473 o.
714 418 803 473 rruu
820 414 1015 472 rvvnuanrs

281 599 423 670 naturae,
445 589 499 680 qui
521 588 602 655 lerre
625 595 721 679 queat
743 608 964 678 quoscumque
985 584 1120 665 labores,
1144 590 1149 597 ’
1256 598 1261 605 “
1309 591 1314 599 ’

283 702 404 769 neseiat
425 701 526 781 irasci,
549 700 656 790 cupiat
677 697 752 766 nihil
775 707 808 766 et
829 700 970 790 potiores
1305 702 1389 764 ’360

283 811 432 880 Herculis
454 833 621 878 aerumnas
644 811 753 877 eredat
776 830 955 901 saeuosque
976 805 1101 874 labores

285 929 317 989 et
338 918 465 989 Venere
489 930 521 988 et
543 922 649 988 caenis
672 930 704 986 et
727 920 836 1012 pluma
858 917 1085 1011 Sardanapalli.

284 1039 427 1098 monstro
451 1032 537 1123 quod
557 1034 627 1124 ipse
648 1030 702 1097 tibi
726 1033 829 1123 possis
852 1030 934 1097 dare.
958 1032 1069 1098 semita
1089 1039 1178 1099 certe

286 1140 474 1233 tranquillae
495 1166 553 1234 per
575 1144 724 1211 uirtutem
747 1150 835 1235 patet
857 1143 950 1209 unica
972 1143 1065 1209 uitae.

285 1251 407 1319 nullum
429 1276 547 1319 numen
569 1249 678 1334 habes,
702 1254 728 1319 si
751 1253 792 1319 sit
812 1251 999 1343 prudentiae
1022 1276 1082 1320 nos
1104 1262 1146 1336 te,
1332 1259 1392 1317 365

285 1384 344 1431 nos
367 1363 508 1444 facimus,
532 1362 681 1445 Fortuna,
703 1365 797 1432 deam
821 1363 975 1455 caeloque
998 1362 1150 1432 locamus.

618 1606 941 1685 SATVRA
994 1608 1063 1683 Xl.

286 1790 411 1857 Atticus
434 1788 550 1854 eximie
572 1787 599 1855 si
621 1793 741 1865 coenat,
763 1782 869 1850 lautus
890 1782 1034 1865 habetur,

286 1902 313 1967 si
336 1897 470 1979 Rutilus,
494 1899 634 1965 demens.
673 1895 749 1987 quid
771 1896 856 1961 enim
878 1896 997 1961 maiore
1020 1894 1173 1963 cachinno

287 2010 444 2100 excipitur
466 2006 563 2099 uulgi,
586 2030 682 2098 quam
704 2027 827 2098 pauper
847 2004 1002 2096 Apicius?
1023 2006 1126 2072 omnis

287 2120 455 2187 conuictus
478 2118 620 2185 thermae
643 2119 804 2198 stationes,
827 2139 921 2183 omne
943 2116 1103 2183 theatrum

289 2229 330 2296 de
352 2228 470 2296 Rutilo.
504 2252 578 2296 nam
601 2229 676 2296 dum
698 2227 802 2295 ualida
824 2250 864 2295 ac
884 2226 1043 2295 iuuenalia
1065 2224 1210 2295 membra
1377 2236 1395 2294 5

289 2338 448 2408 sufficiunt
469 2338 580 2432 galeae
602 2339 742 2431 dumque
766 2339 878 2407 ardent
898 2339 1060 2430 sanguine,
1083 2338 1182 2403 fertur

288 2474 353 2519 non
375 2458 511 2541 cogente
534 2449 671 2540 quidem,
695 2449 751 2517 sed
774 2473 835 2517 nec
857 2446 1044 2540 prohibente
1066 2447 1201 2528 tribuno,

288 2561 462 2628 scribturas
484 2558 573 2650 leges
596 2568 628 2626 et
650 2561 736 2651 regia
760 2559 859 2627 uerba
880 2558 1021 2626 lanistae.

289 2669 407 2738 multos
429 2692 525 2761 porro
549 2668 647 2750 uides,
670 2692 751 2760 quos
774 2692 870 2761 saepe
893 2669 1000 2737 elusus
1022 2668 1189 2761 adipsum

288 2781 426 2848 creditor
447 2781 608 2846 introitum
630 2779 712 2847 solet
734 2789 921 2871 exspectare
943 2779 1076 2859 macelli,
1359 2793 1398 2847 1ο

290 2900 323 2958 et
345 2889 458 2984 quibus
481 2891 512 2957 in
535 2888 604 2957 solo
628 2890 754 2957 uiuendi
778 2912 875 2958 eausa
896 2888 1003 2981 palato
1026 2899 1084 2958 est.

289 3102 356 3158 360.
370 3096 504 3157 Maerob.
516 3102 545 3157 iu
554 3118 647 3159 ronta.
659 3102 736 3173 Seip.
747 3104 774 3169 I,
784 3104 812 3169 8,
823 3104 856 3159 9.·
874 3092 1082 3159 ‘Fortitudinis
1094 3103 1245 3177 porciones
1254 3104 1398 3179 mucrore,

290 3194 349 3234 non
358 3178 480 3244 uincere,
494 3184 527 3233 ut
546 3178 655 3234 neseiat
675 3178 769 3244 irasci,
790 3177 889 3254 cupiat
909 3171 997 3233 nihil?
1076 3182 1141 3236 361.
1163 3198 1325 3255 saeuosque
1339 3199 1401 3257 pru:

290 3271 455 3328 saeuusque
475 3258 509 3311 P.
625 3256 691 3311 362.
713 3255 811 3313 caenis
831 3257 865 3311 P.
984 3254 1181 3333 sardanapalli
1199 3254 1360 3332 PSuhcfpc.

292 3334 348 3389 365
359 3349 401 3406 aq.
423 3332 601 3399 Lactantius
611 3330 669 3388 diu.
681 3334 763 3389 inett.
775 3335 834 3399 III,
848 3336 896 3389 29.
1006 3330 1095 3389 hahes
1117 3350 1157 3388 ur:
1177 3336 1272 3391 *abest
1291 3336 1326 3405 P,
1346 3336 1397 3392 ab·

291 3418 336 3465 est
353 3424 399 3483 μς.
517 3410 540 3464 si
562 3409 638 3465 adsit
657 3408 805 3466 Heinrich.
923 3426 975 3464 nos
996 3417 1024 3466 te
1045 3411 1126 3483 1¹89:
1147 3410 1199 3467 aed
1220 3419 1247 3468 te
1269 3430 1303 3468 ω.

293 3488 360 3543 366.
382 3504 460 3543 ream
481 3487 520 3542 N.
533 3486 670 3543 Ileinnus
680 3502 743 3563 epp.
755 3490 826 3545 IIII
833 3488 935 3563 mli.

506 3616 583 3672 Sat.
605 3616 659 3674 XI.
700 3614 744 3672 De
766 3615 981 3692 comparatione
1003 3616 1094 3671 uictus
1115 3615 1188 3687 Pap.

292 3720 319 3773 1.
340 3714 462 3772 eximiae
483 3713 554 3785 1³ss.
646 3721 674 3773 2.
695 3716 819 3773 Rutulus
838 3732 885 3791 μς.
964 3716 1123 3773 chachinno
1143 3719 1178 3773 P.
1276 3720 1305 3777 4.
1327 3738 1397 3778 con-

290 3792 382 3869 uictus
404 3810 445 3848 ru:
478 3792 621 3849 conanus
642 3797 677 3861 P,
708 3803 868 3849 conuentus
889 3811 907 3860 ς
929 3794 958 3850 C.
976 3792 1115 3851 Bortlttue
1129 3793 1219 3853 adure
1236 3798 1335 3866 XLII,
1353 3800 1400 3859 16.

293 3870 398 3935 unxi,
412 3874 440 3927 6.
551 3878 660 3927 turmae
681 3868 742 3927 cod.
755 3872 852 3943 Liprit
863 3888 926 3946 epp.
941 3889 987 3947 qu.
995 3875 1037 3936 II,
1052 3879 1080 3929 9.
1197 3874 1348 3932 stationes·
1363 3879 1398 3932 P.

289 3944 413 4002 tribunal
433 3944 494 4003 cod.
508 3947 614 4019 Ltpsii.
791 3950 819 4003 5.
841 3948 985 4004 iuuenalia
1004 3946 1129 4022 Podfpgr
1150 3950 1286 4007 iuuenilia
1305 3969 1361 4026 per.

290 4025 318 4077 6.
340 4021 442 4078 ardent
464 4024 493 4080 6.
514 4022 653 4079 Borthiue
671 4022 760 4081 urluu.
777 4026 878 4091 XLII,
894 4028 922 4080 6.
944 4024 1103 4099 Riyoltius,
1124 4028 1301 4099 Itutyereiue
1319 4046 1398 4087 παπ.

293 4097 370 4155 lectt.
386 4102 488 4175 II,17.
513 4096 667 4171 Wakefield
677 4100 748 4156 ritu.
761 4104 825 4158 ortt.
840 4104 866 4168 I,
876 4106 962 4176 pau:
988 4102 1101 4159 ardenti
1120 4102 1168 4177 sp,
1189 4103 1316 4160 ardentis
1336 4104 1397 4162 cod.

290 4176 548 4242 MonaceanedOB,
569 4175 674 4234 ardens
695 4181 756 4235 Pro.
841 4182 869 4237 8.
890 4180 1046 4236 scribturas
1066 4183 1101 4251 P,
1121 4180 1268 4257 scripturit
1289 4182 1312 4238 is
1327 4186 1399 4240 Ere-

289 4252 372 4307 mttn.
450 4252 552 4309 laniste
573 4256 607 4310 P.
691 4260 720 4313 9.
741 4273 812 4333 sepe
833 4258 868 4313 P.
946 4261 993 4314 10.
1015 4265 1169 4335 expectare
1188 4256 1230 4331 [9.
