3025 4859
575 374 720 429 SATVRA
738 373 810 426 xur.

143 548 168 613 si
186 522 295 613 heddat
315 550 458 609 ueterem
482 565 555 610 cum
578 550 644 609 tota
667 542 818 633 aerugine
839 536 957 617 follem,

142 648 318 749 prodigiosa
340 651 418 719 fides
442 662 473 719 et
495 652 609 719 Tuscis
630 653 725 743 digna
746 648 870 729 libellis,

144 787 286 858 quaeque
309 770 459 829 coronata
482 761 606 828 lustrari
629 760 743 828 debeat
765 782 856 851 agna.

143 877 303 967 egregium
326 882 534 963 sanctumque
555 873 660 939 uirum
682 872 708 937 si
731 892 838 949 cerno,
860 864 1028 935 bimembri

141 985 201 1054 hoc
223 994 401 1051 monstrum
422 1004 523 1074 puero
546 980 598 1049 uel
620 980 770 1047 mirandis
791 979 851 1045 sub
874 988 977 1046 aratro
1208 989 1247 1043 65

141 1095 279 1186 piscibus
301 1094 437 1160 inuentis
460 1101 493 1159 et
513 1092 596 1157 setae
619 1112 757 1181 conparo
780 1088 896 1169 mulae,

141 1206 302 1287 sollicitus²
325 1214 488 1293 tamquam
508 1201 630 1293 lapides
653 1200 799 1267 effuderit
820 1198 922 1265 imber

142 1338 340 1407 examenque
362 1315 470 1404 apium
491 1312 586 1405 longa
610 1312 790 1379 consederit
810 1332 874 1377 uua

140 1425 277 1493 culmine
300 1423 431 1505 delubri,
454 1431 617 1512 tamquam
638 1422 670 1487 in
691 1442 780 1486 mare
801 1420 930 1486 fluxerit
951 1421 1051 1486 amnis

139 1535 316 1629 gurgitibus
338 1536 424 1601 miris
447 1542 480 1600 et
499 1532 590 1598 lactis
612 1530 732 1597 uertice
755 1538 887 1596 torrens.
1208 1546 1250 1600 70

221 1644 402 1735 Intercepta
425 1645 536 1711 decem
560 1641 701 1732 quereris
724 1642 867 1706 sestertia
889 1640 1000 1708 fraude

139 1753 319 1848 sacrilega?
341 1754 416 1845 quid
438 1755 464 1819 si
485 1752 533 1819 bis
557 1759 684 1817 centum
707 1750 843 1840 perdidit
865 1749 943 1817 alter

139 1866 201 1934 hoc
224 1889 340 1934 arcana
363 1862 481 1932 modo?
503 1864 656 1929 maiorem
680 1860 790 1925 tertius
811 1858 864 1926 illa

139 2000 308 2058 summam,
331 1998 427 2067 quam
449 1972 576 2065 patulae
598 1973 654 2037 uix
676 1978 805 2060 ceperat
826 1969 962 2061 angulus
984 1971 1101 2038 arcae?

139 2094 204 2153 tam
227 2086 320 2154 sacile
343 2095 375 2151 et
395 2106 533 2176 pronum
555 2091 604 2149 est
625 2103 760 2172 superos
782 2088 988 2147 contemnere
1009 2090 1116 2163 testes,
1211 2098 1250 2152 75
1347 2116 1381 2161 e,

139 2200 165 2264 si
187 2196 331 2266 mortalis
353 2195 438 2262 idem
459 2214 554 2260 nemo
576 2193 664 2259 sciat.
698 2192 806 2282 aspice
828 2198 945 2281 quanta

139 2330 222 2375 uoce
245 2315 351 2399 neget,
373 2326 456 2395 quae
479 2302 519 2367 sit
540 2300 604 2367 ficti
627 2302 803 2367 constantia
825 2299 941 2367 uultus.

138 2440 197 2509 per
220 2415 308 2483 Solis
330 2414 435 2481 radios
457 2411 657 2502 Tarpeiaque
678 2410 809 2477 fulmina
831 2412 915 2477 iurat

139 2536 172 2593 et
193 2525 306 2593 biantis
328 2526 480 2591 frameam
502 2530 535 2587 et
556 2520 677 2588 Cirraei
699 2519 822 2609 spicrda
842 2522 934 2601 uatis,

140 2659 202 2727 per
225 2632 367 2703 calamos
388 2630 556 2699 oenatricis
579 2630 823 2722 pharetramque
845 2630 971 2721 puellae
1212 2651 1255 2704 80

140 2767 268 2837 perque
291 2738 390 2823 tuum,
411 2750 501 2832 pater·
522 2740 643 2831 Aegaei
665 2737 824 2830 Neptune,
843 2741 1022 2821 tridentem,

141 2857 230 2925 addit
254 2863 287 2921 et
307 2850 484 2919 Herculeos
506 2872 599 2916 arcus
620 2849 808 2940 hastamque
828 2850 1002 2932 Mineruae,

140 2966 297 3057 quidquid
319 2962 436 3031 habent
458 2959 593 3027 telorum
617 2962 859 3027 armamentaria
881 2960 970 3028 caeli.

139 3076 165 3141 si
187 3096 271 3143 uero
294 3083 326 3141 et
347 3080 437 3164 pater
460 3080 517 3151 est,
533 3066 763 3152 “comedam''‚
785 3071 885 3162 inquit
905 3071 1019 3153 flebile,
1036 3069 1128 3141 “noti

139 3189 281 3279 sinciput
303 3182 377 3250 elixi
399 3180 576 3273 Pharioque
599 3180 753 3269 madentis
776 3178 905 3250 aceto”.
1214 3199 1255 3255 35

141 3510 189 3564 61.
210 3522 265 3563 cru
287 3505 335 3561 ine
355 3500 403 3575 ΡΙ.
531 3506 579 3559 65.
600 3510 630 3555 ut
650 3510 807 3557 monstrum
828 3499 905 3573 ubfg.
1047 3502 1093 3561 uel
1113 3522 1145 3578 p:
1166 3533 1202 3558 *a*
1223 3508 1257 3576 P,

142 3592 172 3640 et
192 3578 267 3639 obcd
283 3598 319 3649 or,
339 3588 387 3635 aot
405 3577 471 3653 pte.
628 3578 766 3635 mirandis
787 3582 847 3647 Ρςτ
866 3580 994 3637 mirantis
1013 3596 1060 3655 qe,
1080 3582 1192 3637 miranti
1212 3599 1258 3656 pro

145 3654 306 3731 Wutaftetd
316 3654 476 3714 odlmorot.
490 3658 523 3722 V,
535 3654 958 3715 130.rorttoosooctss.tut.1
968 3661 1031 3733 p.7.
1043 3661 1259 3715 Poraootrooto

141 3740 249 3813 ρ.310,
269 3733 383 3790 miranti
403 3733 461 3789 iam
480 3747 527 3800 σς,
553 3731 648 3787 liranri
669 3732 725 3787 iam
748 3733 1112 3792 GotokeruaudAotoain.
1127 3737 1259 3803 V111‚15

141 3815 250 3889 peta.
349 3812 396 3866 66.
417 3808 515 3866 saetae
535 3811 570 3877 P,
590 3808 686 3865 sactae
704 3806 729 3880 f.
826 3828 954 3888 conparo
975 3813 1008 3868 8.
1119 3814 1166 3870 68.
1188 3830 1259 3869 exa·

142 3906 253 4023 rqenue
272 3902 320 3981 pc.
353 3888 451 4021 m710.
472 3886 564 3942 niueis
585 3884 633 3941 oet
646 3886 740 3976 'nigris
760 3886 911 3954 Schrader,
929 3889 1022 3945 rubris
1042 3886 1260 3978 incommot-

145 3959 1262 4129 astruat.uuu·tc¹¹¹¹¹³tno²·ru·etruria*

147 4118 283 4196 quereris
302 4134 363 4193 porr
383 4134 530 4193 quaereris
550 4116 585 4172 P.
714 4119 762 4175 73.
782 4116 832 4175 ille
852 4116 908 4188 οἷς.
1043 4121 1090 4175 79.
1113 4116 1207 4175 Cirrei
1227 4120 1262 4173 P.

147 4200 197 4255 81.
218 4195 285 4272 egei
305 4196 340 4251 P.
431 4196 478 4254 85.
499 4190 633 4267 sarioque
653 4196 688 4251 P.
