3025 4859
565 386 711 446 servm
729 390 775 445 ur.
1147 375 1225 453 213

111 558 204 639 norit,
224 579 319 647 quem
341 557 443 623 nescit
464 566 673 649 peremptum.
746 584 835 631 (ιντο
858 569 966 629 autern
987 559 1059 627 ideo
1083 558 1223 645 (habeo),

110 670 184 761 quia
206 675 329 761 guttam
352 668 454 734 mittit.
478 689 560 758 qnos
580 666 699 737 habent
721 673 866 763 capsarii.
974 670 1142 738 Srnrovna
1166 692 1223 739 au·

108 789 174 847 tem
197 788 254 860 est,
277 777 364 869 quod
385 786 530 868 xystram
552 779 671 861 dicunt,
693 782 779 849 unde
801 779 908 851 oleum
932 782 1092 849 deteritur.

192 890 266 957 265.
290 914 347 957 rau
365 906 474 957 ‘saner
495 912 529 957 ru
550 913 634 958 arra.
657 890 690 958 id
713 899 771 974 est,
794 894 850 983 qui
870 892 1038 959 delunctus
1062 900 1119 973 est,
1143 913 1221 959 mox

108 1002 148 1069 ad
169 1001 289 1067 interos
309 1002 469 1091 peruenit,
497 1008 533 1067 ut
555 998 706 1093 Virgilius
729 1002 822 1091 [Aen.
838 999 997 1093 v1,‹150]:
1020 997 1117 1069 ‘inter
1138 1024 1217 1093 quas
1244 1030 1256 1072 a

106 1111 132 1181 F
134 1112 260 1180 uenissa
280 1132 394 1178 recens
415 1108 454 1176 ab
476 1107 604 1178 Venere
624 1109 728 1180 Dido?

190 1224 265 1289 266.
295 1243 480 1289 ronrrrrna.
512 1219 674 1288 Catonem
694 1222 898 1315 porthamum
922 1225 1011 1305 dioit,
1033 1246 1097 1291 non
1118 1246 1221 1316 angu-

107 1344 191 1402 stum
214 1334 390 1400 traiectum.
476 1355 619 1401 carnosi.
641 1333 675 1400 id
697 1342 746 1400 est
768 1333 994 1403 Acheruntem.

189 1444 277 1529 (271.
301 1466 390 1510 vasa.
406 1445 447 1526 a.)
469 1443 542 1509 267.
565 1467 594 1520 o.
611 1467 641 1510 r.
665 1444 740 1532 [ona
758 1447 949 1535 rnraurnuJ.
971 1466 1146 1525 nummum,
1163 1443 1219 1509 sti-

105 1582 187 1651 pem.
207 1563 242 1623 et
255 1576 340 1621 nunc
351 1554 436 1645 apud
448 1553 659 1622 Athenienses
674 1556 808 1622 mortuis
821 1554 924 1623 solent
937 1560 968 1623 in
982 1580 1037 1623 ore
1050 1575 1215 1621 nummum
1228 1578 1256 1619 ro

104 1668 273 1744 inmittere,
296 1674 332 1733 ut
353 1664 438 1756 apud
459 1665 577 1732 interos
598 1688 663 1733 uon
686 1676 848 1759 tamquam
869 1669 980 1759 inopes
997 1674 1110 1745 errent,
1132 1664 1219 1732 unde

104 1779 233 1847 naulum
257 1775 387 1843 Charon
410 1778 556 1867 accipere
579 1774 712 1859 solebat,
734 1787 771 1845 ut
789 1776 937 1870 Virgilius
956 1778 1047 1867 [Aen.
1060 1773 1217 1865 V1,323]:

99 1886 192 1959 ‘haec
214 1889 328 1968 omnis,
352 1910 448 1979 quam
470 1888 583 1967 cernis,
605 1888 700 1979 inops
721 1887 948 1981 inhumataque
970 1886 1061 1954 turba
1084 1880 1151 1953 est'

185 2002 262 2067 269.
290 2021 378 2066 vana
400 2019 556 2065 cannono.
590 1998 622 2065 id
646 2007 703 2081 est,
726 2007 846 2093 quanto
868 2000 899 2066 in
923 1996 1051 2065 excelso
1074 2004 1148 2063 sunt
1169 1996 1217 2065 in·

107 2113 201 2195 sulae,
223 2111 280 2181 uel
302 2107 571 2201 quemadmodum
593 2112 790 2178 coniunctae.
1226 2118 1254 2161 1⁵

185 2223 263 2291 274.
286 2243 498 2289 rurssrarvs.
531 2228 625 2309 putas
647 2220 824 2312 periculum
847 2220 1014 2301 sustinere,
1037 2219 1063 2285 si
1085 2242 1150 2287 nou
1172 2220 1219 2285 le-

107 2337 184 2403 ceris
206 2340 435 2403 testamentum
458 2337 492 2396 et
512 2330 559 2397 sio
579 2329 654 2397 ieris
675 2330 716 2399 ad
738 2352 879 2398 caenam.
967 2354 1032 2398 ror
1054 2352 1147 2398 rara.
1171 2338 1220 2397 tot

107 2454 233 2514 mortes.

184 2556 258 2623 275.
281 2574 522 2623 rnraranavnr
543 2575 571 2617 r.
594 2554 685 2644 quasi
706 2576 765 2646 per
787 2574 900 2621 omnes
923 2556 1078 2623 fenestras
1098 2552 1217 2620 iactare

109 2664 228 2735 soleant
249 2674 284 2733 et
305 2670 506 2733 transeuntes
529 2664 685 2731 occidere.
1222 2679 1255 2723 ao

188 2777 262 2843 277.
297 2798 382 2843 anuo
406 2797 517 2842 orreo.
549 2773 613 2843 hoo
636 2772 704 2854 tibi,
732 2775 846 2868 inquit,
880 2784 954 2869 opta
981 2784 1151 2867 pernota,
1180 2785 1217 2843 ut

110 2894 246 2956 stercore
267 2886 467 2983 perfundaris
488 2884 610 2977 potius,
637 2907 734 2979 quam
761 2884 823 2954 alio
851 2886 940 2980 graui
962 2885 1103 2980 pondere
1124 2886 1217 2955 len'a·

112 3316 139 3369 1.
156 3304 275 3389 ‘gattam
295 3312 520 3389 ioquitl’rohuo,
540 3316 570 3373 iu
590 3332 643 3391 quo
662 3312 753 3372 darm
771 3313 898 3370 mittitur
917 3310 1217 3390 dictaequodguttam

110 3382 222 3448 mittat?
247 3394 282 3449 V.
398 3397 426 3450 2.
447 3394 578 3468 guttatim
601 3390 746 3450 1181115.
844 3389 934 3463 strigil
957 3392 1218 3449 WoweraoodPa-

110 3471 239 3527 tronffi.
317 3470 346 3526 3.
368 3487 452 3545 quern
472 3481 570 3545 xyston
592 3472 752 3527 Wowerea.
774 3466 852 3541 quod
870 3464 986 3540 χύτρον
1005 3470 1177 3526 hieronimus.

108 3534 229 3618 ‘atatam
251 3548 343 3621 iuquit
363 3545 487 3620 hohas,
507 3546 643 3605 diruatur
661 3562 733 3621 quas
751 3543 857 3601 haheat
877 3544 1006 3618 oapoartt
1024 3542 1070 3599 uel
1084 3544 1219 3603 solidatae

112 3618 256 3679 tridentem
276 3614 366 3679 dioto?
388 3626 423 3682 V.
507 3629 535 3684 6.
558 3642 575 3681 a
595 3623 715 3679 uulnere
738 3618 887 3695 Vergilius.
962 3623 990 3677 7.
1008 3622 1138 3678 onrinam
1159 3626 1218 3683 PS.

115 3713 185 3756 aare.
197 3699 339 3758 Maoolm·
349 3698 388 3758 od
400 3704 504 3777 Itonia.
518 3700 542 3773 s.
553 3700 591 3759 tl
603 3718 632 3776 p.
645 3702 693 3758 55.
715 3698 890 3755 Charontern
910 3715 938 3773 p.
999 3697 1178 3774 porthmeurn
1188 3718 1217 3778 p.

114 3789 168 3830 uon
187 3776 348 3852 porthmuur
369 3796 406 3835 an
428 3788 522 3835 ustum
545 3782 730 3835 Burmannus
738 3773 776 3832 ad
788 3772 867 3832 ooth.
882 3776 949 3831 Lat.
961 3776 995 3832 tl
1004 3780 1084 3849 radi.
1107 3780 1143 3833 ott
1165 3796 1220 3835 an-

110 3860 223 3943 gustum
243 3798 427 3913 flildehraad
432 3854 470 3912 ad
481 3856 570 3932 Apul.
583 3858 601 3914 1
608 3853 711 3929 11157.
827 3862 976 3945 angeatum
996 3854 1054 3909 ΡΒ.
1066 3871 1139 3911 corr.
1151 3873 1179 3931 p.

123 3927 295 4001 parthum,
315 3936 410 4008 inquit
430 3931 553 4001 stolata,
576 3935 711 3991 traiectus
731 3936 879 4005 augustus.
913 3930 946 3986 V.
1070 3936 1117 3988 10.
1139 3930 1219 4009 apud

116 4002 240 4062 ethnicos
261 4011 298 4065 11.
312 4009 478 4086 Peerlkamp
488 4008 526 4066 ad
540 4013 623 4085 Vero.
635 4010 707 4066 Aeo.
721 4009 740 4065 Ι
749 4010 852 4083 ρ.392.
1008 4009 1055 4064 12.
1076 4006 1173 4065 Chora
1194 4012 1221 4065 P

116 4078 200 4151 (corr.
214 4081 284 4155 2ar)
304 4088 336 4144 S.
414 4088 461 4145 tt.
484 4084 771 4163 quantae-insidiae
792 4081 1155 4159 normannorum,
1171 4088 1220 4143 18.

116 4156 171 4213 rint
191 4160 221 4218 G.
235 4162 336 4221 Barth.
414 4168 462 4223 15.
484 4166 630 4242 contingat
649 4164 742 4219 iaetus
766 4162 796 4219 G.
810 4159 914 4218 Barth.
993 4163 1040 4218 16.
1061 4162 1171 4238 putaris
1186 4163 1219 4221 S.

115 4234 160 4291 21.
179 4245 247 4314 opta
266 4249 351 4317 prout
370 4250 421 4299 aut
440 4242 499 4300 Pa.
