3025 4859
584 412 730 469 serras
746 416 783 468 x.
1166 396 1241 474 931
1322 459 1330 473 .

224 581 296 647 277.
334 600 377 647 ar
398 600 614 649 usunronrvs.
649 590 686 649 ut
707 579 867 650 Lucanus.
973 604 1018 649 rr
1037 603 1243 650 resumemus

141 713 246 758 nvcrr
273 688 487 757 Crnrunorurr
514 714 613 758 murs.
652 690 880 785 Carthaginem
907 714 966 781 pro
994 672 1111 761 rllrica¹
1128 694 1244 784 posuit,

141 802 227 868 ouius
248 810 370 893 portem
391 798 576 867 Numidiam
598 805 720 871 uicerat
741 804 861 871 Marius
883 801 942 871 sub
964 800 1122 895 lugnrlha.

223 913 296 979 281.
319 931 493 979 ιιιιοιινιι
514 934 544 979 r.
570 914 597 978 si
619 915 768 1007 triumphi
790 914 894 983 medio
915 934 1035 1005 pompa
1057 934 1130 979 cum
1153 910 1243 979 bellis

139 1020 238 1089 iniret
260 1033 293 1090 et
313 1024 421 1089 uitam
1266 1042 1280 1082 s

219 1133 292 1199 282.
318 1131 548 1221 [renonent
571 1133 611 1201 de
635 1132 794 1225 triumpho
817 1132 951 1201 Gallico.

219 1242 292 1311 283.
325 1264 466 1310 rnovrur
488 1268 517 1312 a.
540 1268 570 1313 ι.
606 1266 679 1311 nam
709 1246 822 1313 dicitur
843 1243 1016 1336 Pompeius
1042 1265 1121 1311 mox
1148 1266 1245 1335 quam

137 1354 277 1447 suscepit
299 1351 417 1421 bellum
438 1353 533 1421 ciuile
556 1364 665 1423 contro
683 1354 866 1436 Caesarem,
888 1357 921 1423 in
936 1354 1050 1446 Capua
1070 1353 1245 1423 uehemen-

137 1473 184 1531 ter
204 1474 399 1557 aegrotasse.
432 1471 466 1529 el
492 1465 544 1554 qui
571 1486 635 1532 non
658 1468 761 1557 potuit
783 1466 862 1533 lebri
884 1468 993 1547 emori,
1015 1474 1162 1533 semotus
1183 1474 1242 1547 est,

135 1584 169 1643 ut
190 1598 208 1643 a
230 1575 372 1643 Caesare
396 1573 602 1641 occideretur.
1254 1596 1282 1638 ιι

218 1686 293 1751 287.
315 1706 496 1766 orurvovs,
517 1687 570 1777 qui
593 1686 736 1777 proditor
757 1688 826 1768 luit,
849 1696 881 1753 et
901 1687 1076 1779 Cethegus,
1098 1690 1243 1756 coniura-

135 1801 182 1859 tus
210 1794 383 1877 Catilinae,
409 1797 506 1865 talem
535 1806 671 1863 mortem
700 1818 765 1864 non
792 1796 1004 1889 pertulerunt,
1034 1797 1092 1865 sed
1118 1797 1243 1890 laqueo,

134 1908 222 1994 quasi
247 1908 411 1988 coniurati,
433 1930 496 1975 non
519 1908 634 2001 gladio,
656 1909 827 1998 perierunt.

216 2017 293 2086 290.
314 2041 473 2089 uvnrrvna
497 2042 525 2087 c.
549 2042 580 2083 v.
606 2042 635 2086 ιι.
663 2018 694 2085 id
718 2028 776 2098 est,
799 2042 874 2087 cunr
895 2019 935 2087 od
957 2020 1113 2112 templum
1134 2016 1243 2087 Vene-

131 2125 173 2191 ris
195 2126 293 2193 uadit.
1253 2140 1281 2183 ¹⁵

214 2239 290 2305 291.
321 2262 424 2316 vsove
448 2262 490 2307 ro
513 2262 670 2307 osricus.
705 2240 736 2307 id
761 2249 943 2331 estusque
966 2243 1005 2309 ad
1028 2240 1091 2309 hoc
1113 2240 1245 2311 deliciae

131 2344 298 2416 hominum
323 2350 467 2431 ueniunt,
490 2359 525 2417 ut
547 2349 814 2442 pulchritudinem
838 2359 947 2441 optent
968 2350 1039 2418 liliis
1060 2355 1136 2419 suis.

217 2461 293 2527 292
319 2458 452 2529 Lnronr
472 2460 590 2529 Draus.
615 2482 631 2527 a
655 2462 776 2527 maiore
798 2464 837 2527 ad
860 2462 972 2528 minus.

217 2573 293 2639 293.
332 2568 502 2641 chrrorrn
530 2596 558 2650 o.
596 2569 742 2639 Lucretia
774 2590 857 2636 uxor
887 2569 1040 2660 Tarquini
1075 2572 1243 2654 Conlatini,

133 2702 230 2771 quam
254 2680 455 2773 Tarquinius,
478 2702 619 2750 amorem
643 2682 710 2748 eius
731 2704 795 2748 non
818 2680 990 2762 sustinens,
1013 2682 1144 2750 inuitam
1166 2684 1283 2751 dici-²⁰

131 2798 183 2859 tur
207 2794 403 2885 conrupisse.
427 2804 594 2886 propterea
618 2791 669 2859 illa
686 2800 822 2883 mortem
838 2790 1011 2858 adsciuisse
1026 2791 1084 2859 sibi
1100 2792 1221 2861 dicitur.

220 2906 295 2970 294.
329 2928 425 2972 rrsau
447 2928 520 2971 ιιιιι.
543 2928 572 2972 c.
595 2926 625 2970 r.
647 2926 677 2969 a.
700 2926 731 2969 v.
764 2900 948 2994 Virgineam
970 2902 1093 2993 Appius
1116 2902 1245 2972 decem·

130 3016 180 3081 uir
203 3014 385 3083 adornatam
408 3016 529 3097 clienti,
562 3038 657 3107 quem
682 3012 722 3079 ob
744 3012 807 3079 hoc
829 3012 1067 3095 subornnuerot,
1090 3016 1122 3082 in
1145 3016 1247 3083 serui·

132 3135 234 3195 tutem
258 3126 433 3194 addixerat.
467 3136 598 3219 propter
626 3125 712 3217 quod
740 3146 810 3191 earn
833 3132 924 3215 paler
946 3122 1107 3216 Virginius
1128 3124 1246 3193 intere·

131 3240 199 3321 mil,
222 3238 411 3306 decemuiris
433 3239 600 3329 imperium
616 3234 813 3326 abrogatum,
838 3236 959 3325 Appius
981 3236 1013 3301 in
1036 3258 1166 3304 carcere
1187 3242 1283 3305 ιιι-25

129 3358 223 3419 catus
248 3358 307 3417 est.
474 3430 476 3435 ,

219 3462 294 3528 301.
317 3482 499 3529 ssuovnusu
521 3480 726 3527 ιιιιινιιιιτιιιι.
746 3456 812 3523 cito
835 3453 1086 3524 erubescentem.

219 3570 294 3638 302.
330 3572 472 3661 [arnoul
510 3569 682 3637 abundans.
783 3588 890 3633 eveno
915 3589 1004 3635 cour.
1027 3594 1057 3636 a.
1079 3592 1130 3637 rc.
1168 3571 1244 3662 quid

134 3683 208 3777 plus
231 3692 339 3776 potest
361 3682 497 3750 conlerri
519 3683 642 3772 pueris,
663 3679 722 3747 nisi
744 3675 875 3745 utboni
898 3702 1003 3747 mores
1026 3681 1191 3750 trudantur
1211 3692 1245 3750 et

134 3804 248 3865 custos
270 3791 478 3863 adhibeatur?
501 3794 557 3861 sed
579 3792 659 3860 haec
681 3791 787 3858 omnio
809 3790 908 3857 uincit
928 3799 1050 3861 natura.
1255 3788 1283 3830 ³⁰

134 4104 163 4157 1.
186 4098 306 4156 Laconi
316 4094 405 4155 conlo
414 4099 556 4166 11,69.7o
567 4092 741 4153 exciderunt.
794 4098 823 4151 s.
844 4094 1008 4153 uiceritPS.
1058 4101 1106 4153 21.
1126 4105 1246 4175 propter

133 4176 216 4233 illam
236 4177 294 4233 ΡΒ.
314 4184 435 4252 propter
455 4172 532 4250 quod
554 4172 603 4229 illa
623 4188 652 4247 ρ.
782 4176 831 4229 22.
852 4172 1006 4230 december
1025 4174 1084 4230 ΡΗ.
1104 4192 1177 4233 corr.
1196 4193 1225 4253 p.

133 4256 184 4312 25.
207 4254 376 4328 obrogatum
396 4254 453 4310 ΡΒ.
469 4268 541 4311 oorr.
555 4269 585 4328 p.
663 4250 710 4307 29.
731 4250 761 4307 in
780 4251 878 4329 pueris
898 4252 956 4308 ΡΒ.
976 4266 1051 4309 corr.
1069 4269 1094 4309 a.
