3025 4859
250 359 327 437 188
629 369 792 424 scuocn
810 367 971 426 rursus.

248 565 350 611 uxore
377 539 638 632 impudicissime,
666 539 874 632 Agrippinam
902 536 1024 630 [filiam]
1052 538 1155 604 fratris
1179 538 1359 608 Germanici

249 663 382 722 matrem
395 651 542 732 Neronis,
565 661 749 719 reuocatam
773 650 810 718 ab
834 651 936 719 inarrla
957 650 989 716 in
1011 649 1246 717 matrimonium
1268 671 1360 717 acce-

249 767 310 857 pit,
338 787 491 832 concesso
526 765 594 830 iure
622 761 732 828 talium
768 763 949 854 nuptiarum
982 783 1024 828 ex
1057 758 1121 827 SC.
1156 783 1252 851 quam
1285 758 1359 826 dicit

250 876 347 943 ctiam
369 877 550 966 frequenter
572 871 720 940 abortum
742 874 865 953 iecisse,
888 894 928 940 ne
944 895 985 938 ex
1000 872 1069 962 ipso
1088 869 1278 939 coheredem
1292 867 1360 937 Nc·

223 987 318 1054 troni
339 984 403 1052 tilio
426 993 560 1076 pareret,
583 985 635 1050 cui
656 983 708 1050 illa
728 985 931 1075 praeparauit
951 983 1128 1074 imperium.
1270 979 1361 1066 (Clo-

249 1097 332 1184 dius)
368 1095 456 1186 [Titi]
491 1095 595 1160 fratris
626 1092 836 1162 Domicianus
867 1093 963 1161 liliam
995 1091 1105 1160 Iuliam
1141 1093 1174 1160 in
1206 1091 1361 1160 adulterio

249 1216 430 1299 sumpserat
451 1207 604 1288 maritam,
627 1227 701 1274 cum
721 1206 790 1297 ipsc
813 1203 861 1271 dc'
876 1203 1027 1272 adulteris
1042 1204 1131 1298 leges
1144 1203 1361 1272 seuerissimus

248 1317 474 1412 promulgaret.

333 1429 385 1496 32
410 1427 486 1494 Cvu
508 1451 575 1496 ror
596 1450 776 1496 aaoarrvrs.
799 1425 880 1496 baec
902 1427 1072 1520 pocionem
1094 1425 1254 1518 accipiens
1268 1423 1361 1496 abor·

211 1563 239 1606 ro
250 1551 319 1611 tum
341 1539 485 1618 faciebat
507 1540 624 1630 quippe
647 1561 730 1631 quae
752 1562 811 1632 per
832 1538 1023 1608 adulterium
1046 1536 1254 1631 concipiebat.

333 1651 386 1718 33.
409 1673 513 1718 orons.
537 1672 596 1742 pro
619 1659 720 1741 partu.

335 1762 533 1830 34..rrcr0s.
557 1759 619 1827 hoc
642 1769 701 1841 cst,
723 1759 939 1854 philosophos.

334 1871 387 1938 35.
411 1871 662 1940 Couruuruvur
684 1869 849 1942 lscrvaos.
885 1876 959 1967 quia
988 1873 1191 1942 seueritatem
1224 1871 1364 1941 Scauro·

251 2007 324 2053 rum
345 1981 503 2050 simulant.

213 2123 239 2163 rs
335 2094 386 2161 37.
417 2115 617 2161 cnrunurcu
639 2117 670 2160 r.
693 2118 725 2160 v.
748 2118 778 2162 u.
801 2117 830 2162 r..
866 2093 962 2164 Iulius
985 2098 1069 2166 euim
1092 2096 1213 2165 Caesar
1234 2095 1363 2165 dederat

250 2205 357 2299 legem
380 2205 420 2273 de
443 2203 628 2272 damnandis
651 2204 809 2273 adulteris.

334 2317 386 2383 40.
410 2314 556 2382 Tcarrvs
579 2339 598 2382 re
622 2338 725 2383 creto
750 2339 879 2384 osorum
904 2315 1006 2385 Caro.
1036 2317 1127 2386 multi
1150 2318 1278 2388 luerunt
1299 2317 1363 2388 Ca·

252 2437 353 2509 tanes,
376 2451 394 2494 e
418 2428 532 2519 quibus
555 2427 618 2493 duo
641 2425 843 2507 nobilissimi,
864 2427 950 2519 prior
973 2451 1101 2511 censor,
1130 2431 1288 2520 posterior
1308 2453 1393 2500 nc·.

252 2563 312 2634 pos
334 2541 443 2631 ipsius,
466 2539 520 2629 qui
538 2536 577 2603 de
599 2537 709 2604 mortis
731 2535 804 2606 loco
828 2537 929 2605 dictus
953 2548 1002 2607 cst
1023 2536 1184 2608 Vticensis
1206 2541 1298 2610 Cato.

212 2678 240 2719 ao
339 2652 391 2718 41.
413 2672 562 2717 urasvro.
586 2645 698 2738 piloso.

338 2761 390 2828 44.
421 2783 462 2828 rc
484 2783 562 2827 rvnu
586 2781 695 2827 crrrru
718 2757 937 2850 [Scrurmrnl
974 2760 1028 2830 lex
1051 2762 1090 2832 de
1111 2761 1280 2832 infamibus
1305 2788 1365 2858 pu·

251 2872 383 2940 niendis.

336 2983 389 3049 46.
419 2979 593 3048 Darsuorr
615 3003 777 3048 nvncrvs.
811 2983 965 3051 metafora
987 3007 1006 3052 a
1028 2983 1231 3070 bellantibus,
1259 2987 1364 3057 multi·

254 3093 341 3159 tudo.
365 3092 477 3172 idest,
501 3091 575 3181 quia
596 3091 686 3158 multi
709 3100 791 3174 sunt,
818 3092 889 3159 idco
912 3115 976 3162 non
1004 3105 1202 3164 accusantur.
1239 3107 1275 3165 ut
1301 3097 1366 3168 Lu·

214 3231 242 3272 as
255 3225 354 3270 canus
378 3198 431 3292 [V‚
444 3203 533 3291 2601:
557 3197 722 3294 ‘quicquid
744 3203 852 3270 multis
874 3215 1035 3296 peccatur,
1058 3206 1192 3276 inultum
1214 3205 1281 3276 est’

336 3314 387 3381 49.
412 3311 519 3380 bleorn
543 3336 606 3380 nou
628 3335 760 3381 tnuarr.
783 3316 911 3383 nomina
935 3319 1136 3387 meretricum
1148 3319 1364 3390 lambentium

254 3617 281 3670 1.
303 3629 419 3667 uxorem
441 3612 696 3690 impudicissimam
711 3614 769 3669 ΡΒ.
790 3629 865 3671 corr.
879 3613 944 3670 Nic.
956 3613 1108 3671 Antonius
1121 3613 1154 3672 de
1166 3613 1251 3674 cattio
1265 3620 1324 3685 111,
1337 3615 1367 3675 4.

256 3687 286 3746 G.
306 3687 407 3756 Barth,
428 3687 575 3748 d’Arnoud
586 3694 657 3747 coni.
673 3692 716 3756 11,
730 3695 777 3748 19.
912 3691 1099 3768 Agrippinam
1121 3693 1218 3750 fratris
1238 3693 1366 3768 germani

253 3776 372 3823 matrem
394 3767 451 3822 ΡΒ.
473 3785 546 3825 corr.
562 3770 630 3824 Nic.
641 3769 797 3826 Antonius.
876 3767 904 3824 4.
927 3767 1058 3826 uolentes
1076 3769 1257 3844 frequentem
1279 3769 1366 3828 arod.

256 3846 286 3900 G.
302 3841 404 3900 Bortb.
483 3852 512 3905 5.
535 3843 902 3920 Clodius—promulgaret
920 3861 1010 3918 supro
1029 3863 1059 3920 p.
1071 3851 1178 3914 187,11
1195 3841 1368 3922 post‘adul-

253 3912 369 3976 teraoit'
391 3919 494 3980 totam
513 3925 571 3990 PS,
591 3920 802 3996 transponenda
815 3920 892 3978 otdtt
910 3939 934 3978 s.
956 3930 1081 3997 opertum
1096 3931 1139 3982 est
1153 3924 1367 4001 duosoaplioo-

255 3998 347 4054 tiones
367 3996 400 4054 de
424 3999 543 4059 Glorrdio
564 4006 591 4055 et
612 4001 779 4056 Domitiano
798 4001 900 4056 arrisere
920 3997 1056 4070 confusos
1077 4019 1148 4060 asse.
1255 4008 1284 4060 6.
1305 4003 1366 4060 Titi

254 4077 379 4133 onr.PS.
476 4077 638 4134 Domitiani
658 4077 716 4132 ΡΒ.
736 4093 846 4134 corno.
945 4075 1116 4136 adulterium
1137 4099 1162 4136 s.
1265 4086 1293 4140 9.
1314 4098 1367 4137 nec

253 4153 311 4208 PS.
333 4169 441 4212 corno.
588 4157 633 4212 13.
656 4155 705 4231 qui
724 4172 749 4211 a.
897 4156 943 4213 16.
966 4154 1002 4213 de
1023 4155 1171 4215 adulteriis
1192 4161 1327 4218 Eremito.

251 4231 300 4286 21.
322 4232 371 4286 22.
390 4234 488 4306 pueris
510 4232 648 4292 Erantto.
