3025 4859
586 365 733 421 serven
750 366 796 419 vr.
1169 350 1245 429 248

225 530 294 601 136.
317 528 501 599 Ceueeurun
518 553 623 599 resne
637 554 770 600 eremo.
790 530 823 599 id
838 536 887 601 eet
900 524 1141 622 ἇνθυποφορά.
1165 539 1245 607 tom·

135 662 234 732 quom
262 638 302 707 ob
325 638 387 708 olio
408 641 634 733 interrogatus:
663 636 777 731 ‘quare
800 662 876 732 ergo
899 638 1079 709 Censennia
1102 643 1245 715 testimu-

134 752 225 819 nium
245 749 430 840 perhibente
451 752 564 819 marito
586 750 671 819 bone
693 746 779 818 eet?’
808 750 985 841 respondit:
1000 746 1164 843 ‘magnum
1187 752 1245 825 do·

133 868 203 928 tem
214 882 326 927 seeum
341 858 462 941 adtulit,
484 860 558 929 inde
572 860 687 952 pudiea
701 855 805 929 audit?
830 860 961 929 auaritia
983 860 1067 929 enim
1087 862 1147 931 uiri
1169 862 1244 933 uitio

135 970 247 1038 uxoris
268 968 432 1060 extingunt.
557 942 564 968 ⁸
1256 981 1269 1021 ⁵

229 1078 297 1147 137.
325 1102 375 1145 ere
388 1101 549 1155 ovrueeru
570 1079 656 1168 [139.
679 1080 779 1167 mnu]
803 1078 844 1147 de
864 1080 994 1147 auaritia
1017 1080 1147 1151 seilicet.
1169 1104 1243 1163 non,

134 1189 249 1280 inquit,
278 1195 364 1253 amat
384 1209 536 1270 uxorem,
563 1212 624 1257 nee
649 1212 709 1281 pro
736 1189 867 1267 affectu,
894 1188 951 1257 sed
978 1199 1108 1282 propter
1134 1192 1243 1261 dotem

133 1297 254 1367 hebere
275 1295 373 1365 tutem
395 1305 564 1367 contentus
585 1307 643 1367 eet

225 1408 295 1475 140.
323 1428 480 1476 nmenrue
501 1431 627 1477 nurrvn
650 1409 796 1499 [conruJ.
825 1410 858 1478 id
880 1410 1078 1495 estuante,
1109 1418 1145 1477 ut
1167 1431 1243 1499 peo-

135 1527 231 1585 eante
254 1540 356 1585 uxore
378 1526 546 1586 contentus
567 1519 609 1583 eit
629 1526 745 1600 tacere,
767 1526 898 1610 propter
918 1518 1091 1587 auaritiam.
1120 1526 1156 1586 ut
1173 1515 1281 1583 Ho-ur
1377 1574 1388 1599 ,

133 1628 234 1695 ratius
256 1626 299 1714 [e.
310 1624 361 1707 111,
376 1630 405 1709 6,
419 1628 492 1715 291:
509 1622 558 1693 ‘et
577 1649 642 1694 non
665 1650 833 1696 sensurum
856 1628 922 1693 seio
945 1636 1055 1719 surgat
1075 1622 1225 1697 maritus?

224 1736 293 1803 141.
315 1760 492 1805 peremere
514 1759 616 1803 vmvn
637 1760 707 1804 ner.
739 1737 772 1805 id
795 1744 844 1803 est
863 1744 1027 1828 tamquam
1048 1736 1144 1804 uidua
1166 1759 1242 1827 pec·

132 1853 187 1913 eat
209 1846 278 1913 eine
300 1847 432 1916 crimine
452 1846 542 1915 diues
563 1844 685 1927 mulier,
708 1868 791 1935 quae
812 1868 910 1915 auaro
933 1847 1075 1937 nupserit
1096 1848 1221 1917 marito.

222 1954 292 2023 143.
314 1978 344 2023 er
364 1978 476 2023 vnnvu
496 1977 657 2023 excvrms
680 1979 801 2024 rueme.
824 1950 1064 2046 ἆνθυποφορά.
1088 1953 1129 2022 ob
1143 1978 1242 2047 quotu

132 2086 203 2133 rem
225 2063 386 2133 Sertorius
408 2086 544 2133 uxorem
564 2066 739 2135 indotatam
761 2064 869 2134 amat?
891 2067 1069 2159 respondit:
1085 2059 1166 2137 ‘non
1182 2086 1241 2156 pro
1255 2087 1279 2129 n

132 2173 278 2243 moribus
298 2180 431 2254 ametur,
452 2172 510 2241 sed
532 2196 590 2265 pro
613 2172 865 2265 pulchritudine?

223 2282 291 2351 144
319 2306 401 2353 rues
423 2306 530 2351 nvere
552 2305 707 2352 eruerer.
742 2284 775 2353 id
797 2293 860 2365 eet,
882 2286 910 2353 si
931 2307 1027 2375 rugas
1050 2284 1243 2354 contraxerit

132 2392 168 2461 in
188 2391 270 2461 faeie
291 2400 328 2461 ut
348 2415 438 2461 enus.
547 2395 550 2400 ’

221 2500 292 2568 145.
315 2524 478 2577 ocvnmve
499 2525 646 2571 umorue.
669 2526 746 2594 prae
769 2511 944 2573 senectute.

222 2609 291 2677 146.
312 2634 470 2680 nreeneve
492 2635 536 2677 er
557 2633 624 2679 exn
647 2613 752 2679 statim
774 2613 908 2681 mittitur
929 2612 1016 2681 ioris.
1253 2644 1279 2687 ω

222 2718 290 2787 147.
311 2744 494 2789 nuvucerue
515 2742 582 2790 eru.
602 2744 736 2790 mueoeu
758 2744 803 2791 es.
1180 2810 1182 2813 Ι

224 2828 292 2899 143.
314 2852 413 2899 veum
435 2854 563 2899 runem
584 2852 673 2901 uteo.
694 2832 727 2899 id
749 2839 807 2913 est,
829 2830 890 2899 alia
910 2832 1057 2901 iuuenior
1077 2826 1192 2920 puella.

223 2937 294 3005 149.
313 2963 493 3017 roscrrovn
515 2961 674 3010 manvu.
697 2941 804 3011 omniu
825 2937 884 3011 eibi
907 2938 1018 3009 donari
1038 2940 1128 3031 petit.

222 3046 293 3114 150.
314 3072 475 3116 nerones
497 3072 541 3115 nr
564 3071 652 3116 ovnu
675 3074 704 3117 c.
743 3050 775 3116 id
798 3057 860 3130 est,
887 3070 1003 3141 greges
1035 3048 1068 3119 in
1095 3046 1244 3121 Calabria

129 3163 189 3223 aut
210 3157 320 3223 uinem
341 3159 374 3225 in
395 3157 539 3227 Falerno.
1253 3187 1281 3229 rs

223 3267 295 3333 151.
321 3290 511 3335 nnursnvun
533 3290 632 3335 rorn.
662 3265 822 3357 ergastulo
843 3267 971 3358 proprie
994 3266 1141 3333 dicuntur
1161 3261 1243 3343 loca,

132 3375 168 3444 in
190 3374 304 3465 qruibus
326 3376 366 3443 ad
388 3398 527 3467 poenam
548 3375 646 3442 uincti
667 3373 813 3442 homiues
836 3395 917 3465 opus
939 3374 1066 3441 iaciunt
1091 3372 1144 3441 hie
1166 3394 1242 3465 ergo

135 3485 298 3576 ergastula
321 3485 401 3552 dixit
421 3487 612 3552 rusticorum
633 3484 839 3551 seruientium
860 3482 1103 3551 multitudinem.

224 3595 294 3663 153.
321 3618 496 3663 uencrron
517 3592 624 3661 lrsvu.
656 3594 894 3684 negociatorem
917 3592 1072 3673 Greeum‚
1100 3591 1155 3687 qui
1180 3592 1244 3659 iam

131 3703 288 3794 nauigare
309 3726 374 3773 non
397 3712 515 3796 posset
1252 3736 1279 3777 ou

224 3812 293 3880 154.
322 3839 400 3885 cren
423 3836 563 3881 cnunmn
584 3834 709 3881 urvrrs.
739 3811 822 3905 [per]
846 3832 954 3879 casnm
977 3812 1144 3883 candidam
1164 3811 1242 3885 illud

132 3982 163 4035 1.
185 3994 380 4057 αντιποφορα
400 3978 459 4033 PS.
475 3994 547 4035 corr.
562 3996 591 4053 p.
658 3978 688 4034 9.
709 3974 803 4033 mariti
822 3978 964 4035 PS.oorr.
976 3994 998 4035 o.
1068 3980 1115 4035 11.
1134 3970 1242 4051 ‘eorem

132 4072 193 4109 non
213 4053 277 4111 eine
296 4054 412 4110 conscio
438 4063 538 4129 surgat
560 4044 671 4113 marito'
698 4054 850 4111 Horatius.
977 4056 1024 4114 13.
1050 4052 1242 4113 emeritos.

135 4129 183 4187 14.
205 4146 403 4206 αντυνοφορα
422 4132 482 4187 ΡΒ.
501 4148 576 4188 eorr-
595 4147 624 4205 ρ.
708 4133 755 4187 111.
778 4126 807 4184 id
828 4136 873 4186 eet
892 4126 942 4185 fiet
963 4146 1035 4192 anuo
1055 4125 1120 4185 odd.
1138 4146 1168 4207 p.

130 4207 182 4263 29.
204 4204 274 4261 dicit
292 4212 358 4281 port
376 4206 501 4265 Greeum
521 4204 588 4263 edd.
608 4224 632 4263 e.

981 4278 1046 4342 16·
