3025 4859
246 325 324 403 220
630 330 793 389 scaonis
812 328 973 385 VETERA.

248 508 487 599 epigrammate,
516 503 576 594 [et]
599 500 648 569 his
669 499 815 569 uersibus
838 499 918 567 finit:
940 495 1065 566 ‘Flauia
1088 518 1177 589 gens,
1204 502 1358 587 quiaotum

248 617 304 686 tibi
325 618 436 685 tertius
458 612 587 681 abstulit
607 612 710 682 heres.
734 634 817 703 pene
840 612 898 677 iuit
919 612 997 677 tanti
1011 630 1076 678 nan
1091 607 1239 675 habuisse
1257 600 1356 673 duos?

246 728 376 797 Flauiae
398 726 501 819 gentis
523 721 669 790 ultimum
691 721 911 791 Domitianum
934 722 1016 790 dicit.
1044 718 1106 787 hoc
1135 720 1217 785 enim
1249 717 1357 786 ordine

246 845 469 932 regnauemnt,
490 832 579 903 Naro
602 832 818 926 Vespasianus
839 833 931 903 Titus
952 830 1164 899 Domitianus.
1354 820 1357 825 ’

221 970 235 1011 s
330 948 383 1017 39.
405 968 535 1015 asousi.
558 946 663 1037 piscis.
766 944 943 1034 [sanciunt
968 944 1105 1011 enormis
1127 939 1322 1033 magnitudo.

331 1058 384 1125 40.
408 1080 492 1124 anas
516 1078 643 1124 oonvu.
664 1056 697 1123 id
719 1064 785 1137 est,
808 1063 882 1122 ante
905 1054 1059 1147 templum
1080 1050 1223 1119 Veneris.
1290 1050 1358 1117 Do·

247 1192 332 1237 alca,
359 1168 493 1236 Ancona
515 1166 620 1235 Grcca
647 1168 768 1249 ciuitas,
796 1190 892 1259 quam
913 1164 1008 1233 Greci
1034 1167 1066 1231 in
1092 1162 1180 1231 italia
1207 1160 1360 1229 condide-

245 1287 330 1361 runt,
351 1278 424 1347 idco
445 1275 574 1345 Dorica.

331 1389 384 1457 41.
418 1412 638 1466 susnsvmova
662 1412 763 1457 smus.
798 1390 885 1457 retia.
908 1384 1069 1480 ‘Virgilius
1098 1386 1190 1474 [Aen.
1206 1380 1248 1465 X,
1263 1384 1358 1475 8191:

210 1494 466 1592 so‘implcuitque
489 1502 576 1567 sinus
599 1496 746 1593 sanguis.³

331 1612 383 1679 42
417 1634 497 1688 ovas
520 1634 638 1679 oseam
661 1637 691 1679 o.
720 1612 794 1705 quia
817 1612 871 1702 qui
891 1610 924 1677 in
944 1607 1048 1677 Ponto
1071 1616 1103 1675 ct
1123 1605 1280 1675 Maeotica
1303 1630 1360 1699 pa·

245 1720 322 1791 lude
344 1724 512 1813 capiuntur
532 1724 645 1814 pisces,
667 1725 811 1790 inmanes
834 1722 933 1811 [sunt]
957 1730 990 1788 et
1011 1722 1145 1813 pingues
1158 1741 1199 1785 ex
1213 1720 1280 1810 ipsa
1297 1724 1359 1783 tar·

248 1830 354 1913 ditate,
382 1834 542 1925 quoniam,
572 1834 699 1924 quando
726 1830 821 1925 gelat,
850 1833 882 1899 in
913 1830 1008 1923 glatie
1035 1830 1156 1899 herent.
1184 1826 1358 1897 Salustius:

243 1937 364 2035 ‘itaque
388 1951 576 2035 tempestate
597 1944 731 2034 piscium
752 1944 803 2010 uis
823 1941 926 2011 Ponto
950 1937 1071 2033 erupit?

210 2084 236 2126 n
331 2051 383 2120 43.
417 2075 547 2121 somsvs
570 2078 618 2120 ss.
642 2054 673 2121 id
697 2063 755 2135 est,
779 2052 883 2121 soluta
906 2075 924 2119 a
946 2050 1014 2119 sole
1038 2050 1150 2143 glacie.
1215 2071 1358 2119 nonnan-

248 2188 309 2232 ns.
343 2165 536 2257 perfluentis,
568 2167 732 2233 currentis.
763 2162 826 2231 illic
848 2186 923 2231 nam
943 2183 1054 2230 reuma
1077 2160 1239 2255 quoddam
1266 2159 1360 2228 trahit

246 2297 344 2344 marc.

331 2387 383 2455 44
417 2410 543 2457 nasson
565 2411 595 2455 a.
617 2412 646 2454 s.
669 2408 698 2454 1..
722 2409 750 2453 n.
773 2410 802 2453 s.
825 2386 879 2479 qui
901 2384 979 2453 fiunt
1001 2382 1089 2452 nullo
1112 2384 1264 2453 exercitio
1286 2405 1359 2475 pro·

247 2504 319 2591 pter
340 2496 478 2565 hiemem
499 2498 691 2590 pinguiores.

209 2630 238 2671 aa
331 2606 722 2678 46.1²ona1sscssvsno.
759 2604 1091 2675 ironiaDomitiano.
1200 2628 1241 2674 ex
1262 2606 1359 2675 ironia

244 2712 405 2787 ‘summo’
510 2727 514 2735 '

332 2830 386 2899 47.
419 2853 591 2899 assianae
613 2854 749 2899 sonans.
778 2838 810 2898 et
831 2853 888 2921 per
909 2828 1002 2898 litora
1025 2838 1057 2898 et
1078 2852 1136 2922 per
1159 2850 1254 2898 omne
1275 2850 1359 2897 mare

250 2940 409 3009 delatores
432 2943 568 3023 fuerunt,
590 2964 655 3010 non
676 2939 782 3008 solum
804 2963 861 3033 per
884 2941 961 3007 sora.

334 3051 386 3117 48.
416 3073 574 3119 asarinus
596 3074 711 3121 saona.
742 3050 853 3131 idest,
876 3058 908 3117 et
929 3053 962 3119 in
983 3050 1065 3146 alga,
1089 3072 1202 3120 cuma
1225 3050 1360 3144 piscato·

209 3180 237 3224 as
248 3160 337 3229 ribus
355 3161 563 3254 inquirebant

249 3332 279 3386 1.
301 3336 331 3385 ct
352 3346 407 3385 oni.
419 3330 477 3387 PS.
499 3328 577 3403 quod
600 3331 785 3386 Burmannus
800 3326 837 3385 od
850 3326 929 3385 anth.
945 3330 1012 3386 Lat.
1024 3332 1042 3388 1
1050 3347 1077 3405 p.
1086 3332 1153 3388 237.
1232 3330 1276 3389 his
1292 3350 1360 3389 uem

249 3404 304 3463 sibi
316 3404 377 3461 finit
396 3407 453 3463 PS.
468 3424 541 3464 com.
552 3425 582 3482 p.
614 3407 919 3464 nerosicSocinorins.
950 3405 994 3462 his
1013 3406 1270 3465 uerbissubfinem
1290 3408 1360 3467 idem

249 3481 327 3558 apud
340 3487 547 3541 Burmannnni.
569 3482 612 3541 his
633 3484 764 3541 uomitus
784 3483 824 3539 ibi
845 3486 980 3539 Heinsius
991 3481 1102 3541 ibidem.
1124 3484 1168 3541 his
1183 3487 1313 3543 uersibus
1325 3484 1358 3541 fi-

248 3562 331 3617 niens
352 3562 524 3618 Honnintns.
651 3564 679 3618 3.
700 3560 724 3615 F
727 3560 1042 3620 isaiae—Domitianus
1063 3576 1093 3617 n.
1108 3564 1125 3621 9
1141 3564 1359 3638 apponuntPS.
1481 3618 1482 3631 ,

248 3640 276 3696 5.
297 3636 408 3693 formae
430 3640 488 3695 ΡΒ.
508 3638 597 3715 piscis
618 3639 726 3695 enormi
747 3636 988 3712 magnitudines.
1085 3640 1113 3695 6.
1135 3651 1202 3696 ante
1222 3642 1358 3718 temptum

246 3712 277 3770 id
298 3721 342 3770 est
363 3711 484 3771 Veneris
505 3718 562 3771 ΡΒ.
577 3732 650 3773 corr.
665 3733 690 3772 s.
788 3718 815 3773 7.
838 3713 946 3770 ltaliam
968 3714 1156 3773 conciderunt
1175 3719 1234 3775 Ps.
1246 3734 1320 3776 corr.
1331 3734 1359 3793 p.

247 3796 294 3849 11.
314 3788 443 3847 Maeotia
462 3793 520 3848 Ps.
535 3788 848 3863 oomscnonzttnsct.
949 3795 995 3849 13.
1016 3800 1045 3850 et
1086 3793 1199 3849 uoniam
1221 3792 1359 3852 Schuetz-

246 3864 352 3941 {leison
438 3871 484 3926 14.
505 3868 691 3946 regelataqae
715 3866 861 3926 11311111.
882 3868 1020 3945 finitaque
1040 3812 1272 3943 Siitnrtzfloisois.
1289 3865 1358 3929 ‘Sa-

247 3944 365 4001 lustius:
390 3962 447 4019 qua
468 3956 638 4022 tempestate
659 3964 695 4003 ex
714 3946 807 4002 Ponto
830 3948 873 4003 uis
895 3947 1015 4024 piscium
1037 3938 1150 4023 erupit.’
1183 3951 1304 4006 Sontas
1324 3946 1360 4005 od

249 4024 331 4096 Veap.
345 4020 416 4080 Aen.
431 4026 510 4096 1111,
525 4026 591 4080 132.
621 4022 660 4095 cs.
672 4026 738 4080 Mai
752 4029 843 4080 oosott.
862 4023 950 4081 class.
967 4027 1027 4082 VH
1041 4042 1071 4099 p.
1082 4027 1149 4083 586.
1222 4027 1269 4082 16.
1292 4045 1360 4105 pro-

246 4097 362 4155 fluentis
380 4116 404 4155 c.
470 4099 612 4175 quaedam
625 4104 684 4159 ΡΒ.
696 4118 771 4158 corr.
782 4118 812 4178 p.
872 4104 920 4160 18.
937 4102 986 4176 qui
999 4102 1042 4159 sni
1054 4103 1152 4159 utPS.
1175 4103 1242 4179 quia
1253 4100 1324 4161 fiunt
1335 4120 1360 4162 o.

247 4180 295 4235 20.
316 4174 481 4234 Domitiana
502 4178 656 4236 sciliceta.
