3025 4859
563 370 709 423 SATVRA
728 371 800 423 Xlll.

131 534 312 628 particulam
335 538 389 603 uix
412 540 492 604 serre
515 547 618 629 potes,
641 535 861 628 spumantibus
884 533 999 600 ardens

132 646 310 727 uisceribus,
333 670 459 713 sacrum
482 647 537 713 tibi
560 646 646 736 quod
668 666 732 713 nou
753 646 867 713 reddat
889 645 1010 711 audeus
1199 649 1237 705 15

132 756 315 846 depositum.
354 764 461 847 stupet
482 756 571 836 haec,
594 757 648 846 qui
669 757 732 822 iam
755 766 829 847 post
851 765 942 847 terga
965 751 1091 843 reliquit

131 867 291 957 sexaginta
313 888 422 946 annue,
444 864 577 932 Fonteio
600 864 732 933 consule
755 874 856 933 natus.

131 998 168 1042 an
190 972 266 1041 nihil
286 977 318 1041 in
343 974 454 1043 melius
477 984 525 1041 tot
546 998 653 1041 rerum
676 974 801 1066 prolicit
820 972 920 1043 usus?

129 1108 241 1177 magna
264 1085 401 1176 quidem,
424 1087 522 1152 sacris
543 1108 625 1176 quae
648 1086 701 1151 dat
723 1094 893 1176 praecepta
914 1080 1036 1160 libellis,

129 1196 240 1261 uictrix
263 1196 407 1260 fortunae
430 1196 581 1285 sapientia
589 1222 597 1277 ;
622 1195 767 1262 ducimus
790 1202 898 1261 autem
1196 1204 1237 1257 20

130 1303 187 1371 hos
209 1326 338 1396 quoque
361 1304 479 1385 felices,
502 1304 556 1396 qui
580 1306 662 1371 serre
683 1305 885 1371 incommoda
907 1306 991 1371 uitae

128 1438 186 1482 nec
208 1416 325 1481 iactare
347 1416 456 1507 iugum
480 1416 545 1482 uita
567 1413 704 1481 didicere
728 1417 887 1506 magistra.

129 1548 208 1615 quae
232 1535 298 1591 tam
320 1526 399 1591 festa
423 1525 499 1605 dies,
522 1533 557 1589 ut
579 1533 683 1590 cesset
704 1525 841 1615 prodere
863 1524 966 1589 iurem

128 1634 290 1725 perfidiam
312 1635 440 1702 fraudes
464 1642 560 1724 atque
583 1634 668 1701 omni
692 1658 734 1701 ex
756 1633 889 1700 crimine
910 1630 1035 1698 luorum

127 1745 304 1834 quaesitum
327 1754 360 1811 et
381 1754 489 1835 partos
511 1742 616 1835 gladio
640 1742 692 1810 uel
712 1743 832 1835 puxide
853 1739 1023 1808 nummos?
1195 1757 1235 1810 25

125 1857 186 1921 rari
209 1856 327 1945 quippe
350 1853 433 1934 boni,
456 1876 589 1920 numero
612 1856 668 1920 uix
690 1862 763 1919 sunt
785 1852 917 1918 totidem
939 1860 1018 1943 quot

125 1961 308 2031 Thebarum
331 1971 442 2053 portae
464 1961 516 2029 uel
539 1963 643 2029 diuitis
667 1965 746 2030 ostia
768 1960 843 2028 Nili.

123 2096 206 2141 nunc
229 2082 318 2140 aetas
340 2075 452 2165 agitur,
476 2074 647 2165 peioraque
670 2072 800 2138 saecrda
823 2073 898 2138 ferri

122 2184 329 2275 temporibus,
352 2205 487 2273 quorum
511 2180 623 2248 sceleri
646 2204 709 2247 non
732 2182 852 2248 inuenit
873 2183 942 2273 ipsa

122 2314 238 2359 nomen
264 2299 297 2358 et
319 2314 336 2358 a
358 2290 445 2358 nullo
468 2290 576 2382 posuit
597 2299 708 2357 natura
730 2289 867 2358 metallo.

121 2422 179 2466 nos
200 2398 369 2468 bominum
392 2401 565 2492 diuumque
587 2398 682 2467 fidem
706 2400 846 2468 clamore
869 2402 998 2484 ciemus,

122 2519 240 2600 quanto
264 2508 446 2577 Faesidium
467 2510 577 2578 laudat
598 2510 718 2578 uocalis
741 2518 889 2601 agentem

121 2618 274 2709 sportula.
311 2619 369 2701 dic,
392 2623 497 2688 senior
517 2619 604 2686 bulla
627 2619 817 2711 dignissime,
839 2622 943 2687 nescis

122 2753 199 2819 quas
223 2728 342 2797 babeat
363 2728 506 2797 Veneres
529 2728 630 2797 aliena
652 2726 812 2819 pecunia?
834 2730 937 2796 nescis

122 2861 218 2927 quem
241 2848 297 2907 tua
321 2840 504 2932 simplicitas
526 2842 625 2907 risum
647 2837 744 2931 uulgo
769 2848 906 2921 moueat,
930 2864 1004 2909 cum
1192 2860 1232 2915 35

121 2951 220 3042 exigis
245 2973 263 3017 a
287 2973 449 3042 quoquam
471 2974 512 3016 ne
534 2952 656 3041 peieret
678 2958 710 3015 et
730 2957 823 3041 putet
845 2948 916 3017 ullis

120 3080 189 3127 esse
212 3059 344 3150 aliquod
366 3084 484 3127 numen
505 3058 631 3151 templis
654 3082 792 3151 araeque
815 3058 968 3126 rubenti?

119 3346 165 3402 18.
187 3362 223 3401 an
246 3345 349 3417 Psyra
370 3350 399 3398 at
409 3360 465 3419 pro,
486 3342 523 3398 ad
537 3341 562 3415 f,
585 3351 615 3398 ut
628 3360 655 3413 o,
676 3360 710 3399 ac
722 3358 749 3409 ς.
826 3343 946 3420 tproficit
966 3346 1047 3413 1²85:
1066 3346 1181 3424 proficis
1196 3370 1232 3410 co.

120 3438 185 3477 usus
207 3417 249 3479 Σε
272 3438 325 3476 usu
345 3422 407 3475 Pro.
484 3426 554 3495 post
564 3418 591 3475 11.
602 3436 629 3475 o.
642 3417 724 3476 oddtt
736 3418 797 3477 eod.
817 3420 988 3479 Drasdeasts
1000 3427 1036 3481 D.
1051 3428 1122 3483 153:
1137 3420 1231 3501 ‘gutta

119 3506 202 3553 cauat
222 3495 362 3574 lapidem,
383 3496 558 3552 consumitur
577 3496 680 3551 anulus
701 3491 773 3553 usu.³
924 3505 970 3558 111.
993 3501 1126 3575 equidem
1146 3502 1230 3572 obdg.

118 3576 164 3629 20.
182 3572 307 3629 dicimus
328 3570 407 3639 αὖος.
490 3574 538 3630 25.
554 3571 662 3649 puxide
683 3574 719 3629 S:
739 3572 841 3651 pixide
861 3577 895 3644 P,
916 3576 1064 3648 1111κί11111,
1085 3579 1182 3654 pixide
1202 3601 1232 3657 p,

117 3650 223 3725 pyxide
244 3667 282 3707 ur.
366 3654 413 3705 26.
433 3667 552 3705 nurnero
574 3649 620 3704 11111
641 3659 707 3705 suut
727 3650 846 3707 totidem
866 3654 932 3707 Pro:
951 3672 1099 3711 numerum
1120 3657 1232 3716 uissunt

117 3726 237 3783 totidem
251 3725 282 3798 s,
313 3726 341 3781 111
362 3744 509 3783 numerum
530 3724 600 3781 iussi
621 3724 739 3782 totidem
755 3745 788 3800 9,
817 3746 953 3785 numerus
978 3731 1026 3785 uix
1046 3741 1090 3787 est
1110 3734 1231 3792 totidem

119 3802 199 3859 codd.
217 3802 380 3869 Vlmenets,
392 3798 641 3875 Nortmberpooets
653 3807 683 3869 1,
706 3802 859 3860 Gudianus
868 3808 900 3873 2,
914 3804 1064 3874 Pttboeus,
1087 3827 1232 3880 numeres,

118 3878 165 3934 11111
185 3888 253 3936 111111
275 3875 496 3950 Soborztloieob.
588 3888 657 3953 quot
676 3898 736 3953 paro:
757 3879 834 3955 quod
855 3884 889 3938 P.
982 3887 1029 3940 27.
1050 3884 1144 3941 hostia
1163 3886 1230 3961 pr.

117 3958 163 4013 28.
185 3974 263 4013 nunc
284 3960 325 4013 P:
352 3954 810 4032 nouudtloineubcuudm.p.19,
841 3975 917 4015 noua
936 3977 993 4035 pro,
1017 3980 1094 4017 noua
1114 3977 1140 4027 ς.
1172 3983 1231 4020 non

118 4030 189 4089 alias
209 4030 229 4104 f
243 4030 328 4109 prob.
341 4030 514 4090 Boissonodc
525 4030 563 4088 od
576 4034 672 4088 Ntoot.
682 4036 718 4090 Η
729 4037 870 4109 11320111.
1060 4040 1106 4094 32.
1129 4038 1232 4096 Faesi-

117 4106 195 4167 dium
215 4113 285 4166 Pco:
304 4108 452 4167 Fesidium
473 4110 504 4177 S,
523 4107 685 4165 Fessidium
706 4127 733 4177 ς.
898 4118 944 4171 33.
967 4112 1230 4189 die-dignissime

115 4182 203 4243 eebol.
216 4189 298 4243 Pers.
313 4188 346 4259 V,
357 4189 404 4244 31.
523 4186 560 4242 34
570 4202 623 4242 11111.
639 4201 666 4252 ς.
