3025 4859
285 364 362 441 280
670 379 1010 437 scsonnvnnnns.

368 551 421 618 51.
456 570 627 616 scarssnnr
649 570 850 619 cnscosnss.
888 544 963 614 mali
991 569 1098 615 mores
1130 546 1185 617 uel
1210 545 1294 615 mala
1324 568 1395 615 eon·

288 659 422 726 suetudo
446 658 615 742 scribendi,
638 683 720 751 quae
743 657 887 728 obliuisci
909 679 977 725 non
999 664 1114 749 potest.

372 770 423 835 53.
458 794 518 837 sun
541 794 654 838 vireu
677 793 772 839 seon.
809 769 962 857 [ausuros
983 768 1092 856 usur]-
1128 769 1305 837 communis
1334 769 1397 837 siue
1479 766 1480 855 ζ

289 878 438 971 uulgaris.
461 882 623 949 mediocre
644 881 816 973 ingenium.
1479 952 1480 971 p

262 1006 275 1045 ⁵
373 990 424 1057 54.
449 1014 503 1068 ovi
524 1014 613 1059 urnis
636 1012 834 1060 exrosinvu.
855 989 1025 1060 abiectum.
1048 988 1162 1057 subtile
1184 998 1217 1057 et
1238 990 1366 1082 gracile
1479 1002 1480 1015 ¹

372 1101 425 1167 55.
459 1124 607 1169 couuvnr
628 1126 658 1171 r.
679 1127 708 1170 c.
743 1102 955 1170 metatoricos.
983 1100 1047 1168 hoe
1070 1109 1118 1167 est
1141 1099 1304 1167 triuialiter
1326 1102 1398 1169 seri-

286 1209 341 1277 bat
363 1213 430 1277 siue
453 1210 547 1278 male.
1479 1200 1480 1203 Ἴ

370 1322 422 1388 56.
455 1344 543 1389 nvnc
568 1345 596 1399 o.
632 1322 711 1388 ordo
738 1321 791 1390 hie
814 1330 872 1391 est.
905 1330 1036 1414 poetam
1067 1321 1186 1391 bonum
1214 1323 1289 1389 lacit
1316 1325 1398 1391 omni

287 1428 497 1500 sollicitudine
521 1433 574 1500 uel
596 1433 720 1499 tristitia
742 1454 855 1501 carens
878 1434 1017 1513 animus,
1051 1440 1086 1499 ut
1114 1431 1189 1500 nihil
1216 1432 1323 1501 acerbi
1345 1456 1399 1526 pa·

249 1542 393 1607 sotiatur.
423 1544 591 1632 [ovineul.
615 1544 646 1610 id
670 1552 719 1611 est
741 1542 870 1635 qualem
893 1544 998 1612 animo
1020 1544 1133 1625 sentio,
1154 1544 1325 1613 ostendere
1346 1568 1398 1613 au·

287 1659 353 1717 tem
375 1676 440 1721 non
461 1678 602 1746 possum.

372 1764 423 1829 68.
465 1788 634 1833 insaniens
671 1788 810 1833 cvnrnvs
844 1789 1009 1835 suvnnvu
1042 1788 1170 1833 svinvs.
1208 1773 1242 1834 ut
1272 1763 1397 1835 Oratius

289 1874 409 1961 [earm.
432 1874 471 1954 ll,
498 1876 632 1964 19‚1.]:
673 1870 854 1943 ‘Bacchum
881 1877 912 1943 in
941 1877 1072 1943 remotis
1101 1877 1241 1945 earmina
1269 1877 1397 1969 rupibus

290 1984 355 2049 uidi
378 1982 570 2052 docentem.'

250 2112 276 2156 rs
374 2098 424 2161 60.
447 2096 569 2164 Pensio
592 2122 622 2165 τ.
644 2120 676 2164 e.
705 2097 739 2163 id
762 2105 811 2165 est
832 2098 968 2165 insanire
989 2120 1111 2190 pauper
1131 2120 1196 2167 non
1218 2106 1397 2189 potestant

288 2208 412 2271 moueri
435 2209 474 2273 od
496 2207 708 2288 scribendum,
731 2208 899 2298 quiscum
922 2208 1125 2278 familiaribus
1147 2208 1242 2278 rebus
1264 2210 1398 2279 consulit

286 2338 350 2382 non
378 2320 511 2409 cogitur.
549 2318 658 2386 dieunt
691 2340 766 2386 nam
800 2320 860 2387 nisi
889 2320 1036 2387 insanum
1068 2329 1198 2413 poetam
1230 2343 1302 2389 esse
1334 2342 1396 2391 non

287 2449 392 2518 posse.

294 2578 297 2584 ·
370 2540 420 2603 62.
445 2561 569 2607 connvs
592 2563 678 2607 sous
701 2564 728 2606 s.
750 2538 782 2605 id
806 2547 863 2620 est,
886 2540 962 2609 nihil
986 2542 1085 2611 deluit
1106 2538 1227 2623 Oratio,
1250 2543 1308 2614 sed
1330 2552 1394 2612 tan·

246 2659 275 2700 ²⁰
288 2656 355 2714 turn
377 2650 499 2716 animos
521 2651 561 2717 ad
584 2649 779 2742 poetandum
800 2648 945 2719 habebat

370 2761 420 2823 64.
444 2784 574 2828 vexnn‘r
598 2786 626 2827 n.
649 2785 680 2826 n.
706 2783 802 2828 cusa.
826 2762 973 2855 Apolline
989 2773 1021 2831 et
1035 2761 1162 2833 Libero.
1186 2764 1290 2854 Cyrra
1312 2768 1392 2835 enim

283 2876 316 2932 et
344 2864 424 2935 Nisa
452 2880 577 2937 montes
604 2880 694 2952 sunt;
731 2871 835 2960 Cyrno
857 2872 1011 2963 Apollini,
1041 2872 1120 2943 Nisa
1142 2874 1259 2945 Libero
1283 2900 1391 2945 eonse-

285 2989 390 3046 eratus
415 2989 471 3045 est.

370 3090 420 3154 66.
443 3112 592 3157 escronn
615 3113 749 3161 vassas.
778 3102 893 3175 uestra,
915 3097 970 3188 qui
992 3095 1067 3165 boni
1089 3098 1164 3165 estis
1185 3106 1310 3191 poetae.

246 3204 276 3247 2⁵
288 3220 399 3266 cvnis.
423 3201 567 3291 poeticae
590 3209 622 3266 et
644 3205 804 3295 egestatis.

368 3313 419 3376 66.
457 3336 570 3380 ussus
592 3337 625 3380 u.
649 3334 679 3380 o.
702 3336 732 3382 n.
755 3340 786 3381 n.
823 3316 969 3407 perlecta
993 3319 1143 3411 pecunia,
1168 3319 1252 3389 unde
1270 3320 1386 3389 lodices

283 3430 437 3488 emantur.

279 3766 307 3817 2.
323 3761 480 3822 oblitterari
493 3769 715 3828 Botssonorleod
726 3774 816 3830 Norat.
829 3771 981 3847 ruptos.
1041 3774 1201 3849 alorites.
1262 3781 1309 3837 16.
1325 3779 1386 3856 quia
1479 3756 1480 3793 l

279 3841 469 3899 latniliarilius
490 3848 574 3902 relius
596 3850 746 3907 consulere
769 3851 880 3925 cogitur
898 3868 927 3924 p.
1021 3847 1202 3928 ι66666666,
1224 3873 1296 3931 qrtno
1315 3858 1385 3931 sopit

279 3925 392 3992 poetam
422 3938 526 3978 sonum
553 3942 614 3981 esse
638 3932 672 3981 ot
694 3925 751 3983 sitit
775 3944 809 3982 ne
835 3925 996 3985 niendiooro
1021 3937 1138 4004 copulor
1162 3928 1324 3991 consolat)
1355 3936 1383 3990 V.

282 3998 327 4050 19.
351 3997 402 4051 sed
414 4007 507 4055 tamen
520 4001 551 4056 S.
632 4005 679 4059 20.
702 4004 825 4059 animuin
847 4023 870 4060 s.
952 4005 1108 4064 adhibebat
1126 4026 1151 4066 s.
1230 4013 1277 4067 21.
1299 4010 1383 4087 Apol·

281 4069 337 4126 line
362 4076 394 4127 V.
417 4077 541 4150 Apollini
561 4080 617 4135 ΡΒ.
715 4085 763 4136 22.
788 4080 880 4154 Cyrna
894 4092 983 4138 -est
1003 4102 1057 4140 orn.
1069 4087 1101 4143 S.
1190 4088 1237 4145 25.
1258 4091 1384 4166 poeticae

281 4159 425 4222 egestates
445 4156 503 4210 PS.
520 4172 593 4213 corr.
610 4175 635 4214 o.
714 4160 761 4214 26.
784 4158 898 4216 codices
920 4161 978 4217 PS.
995 4178 1070 4221 corr.
1083 4180 1110 4220 o.
