3025 4859
144 348 148 361 ’
244 326 320 405 m
623 336 785 395 sunum
803 334 966 394 muna.

243 534 285 585 ex
306 507 418 578 mediis
439 502 564 600 ignibus
585 506 690 599 rapuit
710 506 820 600 ibique
839 512 991 577 macutus
1013 512 1073 575 est.
1093 505 1156 575 iste
1175 507 1261 577 enim
1280 528 1357 577 eum

241 648 300 720 per
326 618 473 691 Latinam
499 617 585 685 uiam
612 616 868 710 proficisceretur
899 616 1034 709 augurio
1060 616 1152 686 eorui
1180 618 1214 687 iu
1243 616 1359 688 oeulos

242 758 319 807 suos
346 729 483 801 uolantia
508 734 678 797 reuocatus
706 737 764 809 est,
792 737 827 797 et
851 726 1027 797 Palladium
1047 748 1123 798 oum
1144 750 1188 797 ex
1207 729 1358 799 incendio

240 846 407 941 rapuisset,
430 860 542 935 passus
564 844 614 905 eat
636 839 833 908 eaemtatem.

216 968 229 1008 ⁵
328 953 399 1023 143.
430 973 567 1021 ranrvrr
588 972 696 1019 unsar
718 970 763 1016 ar
784 970 881 1017 rrum.
913 946 1070 1017 Lucilius:
1091 943 1221 1018 ‘aurum
1247 948 1355 1043 adque

242 1064 370 1135 ambitio
392 1061 555 1155 specimen
577 1060 701 1128 uirtutis
723 1061 919 1155 utriqueest.
943 1068 1066 1130 tantum
1077 1058 1208 1144 habeus,
1229 1066 1356 1129 tanum

241 1178 311 1269 ipse
331 1176 394 1242 sies
416 1172 558 1264 tantique
579 1164 742 1239 habearis?

331 1284 402 1353 145.
422 1304 566 1353 suranna
587 1304 725 1351 savrra.
747 1283 881 1376 pauperi
901 1283 985 1353 enim
1006 1282 1097 1375 quasi
1111 1290 1243 1376 propter
1257 1302 1355 1375 aege·

243 1406 359 1467 statem
380 1394 553 1489 periuranti
576 1392 618 1461 dii
639 1413 704 1461 non
725 1392 913 1462 irascuntur.

204 1522 231 1567 au
331 1506 403 1575 148.
425 1526 566 1575 ouuravs
588 1526 646 1575 raro
668 1524 757 1573 mou.
779 1501 812 1572 id
833 1510 884 1571 est
904 1524 1036 1596 pauper.

331 1618 401 1686 151.
423 1638 530 1693 nuovo
553 1636 676 1684 uacans
697 1636 727 1682 ι..
750 1635 770 1681 a
790 1610 955 1683 sutriballo
976 1622 1076 1685 autur.

331 1730 401 1797 154.
429 1751 458 1797 ar
479 1746 590 1795 rvoon
612 1748 673 1793 uso
695 1748 738 1795 uu
760 1747 798 1793 so
818 1748 850 1793 r.
881 1744 947 1795 uuu
968 1725 1088 1810 sedeat,
1115 1725 1227 1820 iuquit,
1246 1726 1280 1797 iu
1302 1746 1357 1796 ur·

244 1842 317 1912 dine
338 1838 392 1909 uel
412 1840 445 1908 in
465 1858 600 1908 numeru
623 1836 765 1929 equitum
785 1857 917 1929 pauper.

333 1951 402 2019 155.
423 1947 527 2018 Curva
549 1969 607 2015 urs
628 1967 704 2015 uuor
725 1968 791 2017 uon
812 1968 969 2016 svrrrcrr.
996 1944 1134 2015 Othonia
1154 1944 1218 2029 lex,
1239 1948 1273 2017 in
1293 1968 1359 2042 qua

206 2063 334 2131 niuasit
356 2081 421 2142 eos,
443 2060 497 2152 qui
518 2057 822 2151 quadringentorum
847 2058 1068 2126 sestertiorum
1087 2052 1206 2127 habent
1225 2057 1359 2142 reditus,

242 2174 430 2243 innumero
453 2170 595 2264 equitum
618 2191 699 2238 esse.

331 2282 595 2351 masmanna.
623 2280 728 2349 diuitis
750 2278 892 2372 degener
913 2276 1105 2372 gladiatorie
1211 2280 1360 2373 apione.

244 2394 347 2486 pinnis
368 2414 531 2485 pauonum
553 2389 657 2460 ornari
678 2386 786 2459 solent
805 2389 1005 2483 gladiatores,
1027 2390 1055 2457 si
1069 2389 1196 2483 quando
1211 2388 1252 2459 ud
1264 2412 1360 2483 pom·

244 2526 319 2597 pam
348 2502 554 2573 descendunt.
586 2501 770 2594 pinnirapos
795 2508 904 2570 autem
931 2499 1007 2569 dicit
1031 2498 1163 2569 lanuto
1183 2523 1228 2571 ex
1246 2500 1359 2571 habitu

206 2651 234 2694 20
245 2614 466 2709 gladiatorum,
489 2613 563 2706 quia
585 2618 660 2703 post
680 2618 819 2681 mortem
838 2612 956 2681 retiarii
975 2610 1105 2704 pinnam
1130 2612 1236 2681 idest
1255 2613 1360 2683 mm·

245 2748 317 2796 cam
339 2724 429 2818 rapit,
451 2730 489 2792 ut
511 2722 660 2791 ostendat
680 2720 802 2815 populo
823 2744 860 2790 aa
880 2722 1006 2791 uicisse.
1031 2728 1088 2789 aut
1117 2720 1192 2791 ideo
1218 2721 1360 2816 pium'ru·

244 2859 315 2930 por,
342 2836 417 2927 quia
444 2836 557 2929 pinnas
582 2834 615 2901 in
642 2831 741 2924 galeis
767 2828 937 2914 habebant,
963 2840 999 2906 ut
1020 2828 1177 2902 Lucilius:
1194 2826 1285 2904 ‘cunr
1305 2856 1360 2903 ao·

244 2956 334 3039 ptem
356 2945 524 3014 incolumis
545 2945 648 3038 pinnis
669 2943 751 3011 redit
772 2966 812 3012 ae
834 2945 946 3037 recipit
966 2938 1020 3013 aa?

332 3057 403 3125 159.
426 3080 476 3125 sro
497 3077 635 3125 urarrvu
656 3077 824 3124 ursrrnxrr
836 3054 978 3123 Ornonr.
997 3053 1149 3124 increuit
1169 3062 1202 3123 et
1223 3054 1362 3147 proiecit

205 3191 232 3233 aa
247 3166 286 3235 de
307 3190 441 3236 numero
464 3187 585 3249 eorum,
607 3168 663 3259 qui
683 3164 803 3236 habeut
822 3165 1052 3258 quadringenta
1074 3165 1229 3235 sestertia.

330 3278 400 3346 160.
423 3277 505 3364 ers
527 3300 644 3346 urnas.
668 3276 797 3371 quando
818 3299 919 3369 gener
939 3275 1046 3369 placet
1064 3270 1260 3369 pauperior?

330 3390 399 3455 161.
422 3387 627 3459 Sancruvurs.
648 3410 733 3459 nunc
756 3387 832 3456 doti.
919 3385 1041 3480 colligit
1061 3395 1170 3455 autem
1194 3384 1285 3478 quusi
1304 3386 1358 3456 iu-

243 3497 413 3567 commoda
434 3500 637 3592 paupertatis,
659 3506 696 3567 ut
716 3519 782 3568 non
802 3498 935 3567 maritus
956 3497 1050 3566 uxori
1071 3498 1112 3565 sit
1131 3496 1310 3589 pauperior.

242 3654 271 3713 5.
291 3648 431 3728 Lucilius]
453 3652 492 3727 of.
505 3653 596 3714 reiut.
610 3659 637 3728 1,
651 3650 718 3714 roa.
797 3656 826 3712 a.
848 3653 1007 3712 ambitiosi:
1027 3650 1206 3712 Loolmoon.
1284 3668 1357 3731 spe·

242 3731 314 3788 ciem
326 3731 385 3788 ΡΒ.
400 3746 475 3791 sorr.
484 3750 513 3809 p.
591 3740 685 3791 utrum
707 3750 744 3791 ue
756 3734 869 3793 Boura.
889 3730 996 3808 ubique
1009 3726 1239 3803 Solurtzfloirol.
1253 3732 1356 3788 utrim-

242 3805 488 3944 rannus·
519 3750 931 3946 ..asarinus
943 3806 1355 3945 imru

242 3925 317 4019 oolr.
328 3906 517 4021 Solrouoliull
555 3930 682 4024 laneatas
701 3966 761 4024 PS.
781 3904 1067 4043 pingnirapm'astem
1087 3903 1193 4020 digitur
1210 3903 1359 4020 lalaistar:

241 4041 290 4129 29.
309 4038 428 4131 pinnam
448 4040 473 4098 ir
493 4058 530 4099 ex
548 4042 664 4100 manica
682 4036 911 4115 Solurtztlairol.
1037 4042 1085 4098 21.
1104 4039 1275 4119 piuuirnpeo
1294 4038 1356 4096 ΡΒ.

240 4133 355 4193 promta
376 4134 387 4173 ι
405 4132 431 4174 a.
527 4120 577 4178 22.
597 4117 796 4197 rapiebautla
889 4118 938 4177 23.
958 4116 1055 4196 pinni·
1075 4118 1172 4175 oon?
1188 4112 1359 4192 (roomo

241 4188 324 4268 odd.)
369 4230 378 4249 .
464 4196 513 4255 27.
532 4213 592 4255 nou
611 4196 672 4255 doti
689 4214 720 4275 p.
741 4202 863 4257 euuotaa
882 4193 944 4253 doti
964 4194 996 4257 (l.
1009 4192 1114 4254 Booti.
1134 4192 1229 4253 minor
1245 4192 1312 4251 doti
1328 4206 1362 4251 o.
