3025 4859
265 363 340 439 148
642 377 676 428 o.
696 375 784 428 rvuu
802 371 998 426 rvvuunsrs

266 555 298 613 et
320 544 450 612 meliore
472 544 539 612 luto
561 544 651 613 finxit
673 542 858 635 praecordia
881 541 983 620 Titan,

266 657 324 724 sed
346 654 485 746 reliquos
506 657 652 748 fugienda
675 663 800 746 patrum
823 653 956 744 uestigia
980 650 1099 718 ducunt

268 777 300 834 et
322 772 495 833 monstrata
519 765 572 830 diu
594 767 711 832 ueteris
733 763 828 830 trahit
849 765 949 830 orbita
972 761 1095 852 culpae.

269 877 427 944 abstineas
449 875 544 966 igitur
567 874 761 942 damnandis.
795 873 887 941 huius
910 874 993 940 enim
1015 871 1068 939 uel

267 1011 331 1054 una
352 994 466 1078 potens
487 986 567 1052 ratio
591 995 649 1066 est,
671 1011 711 1054 ne
734 987 863 1052 crimina
886 992 992 1050 nostra
1016 989 1188 1072 sequantur

268 1121 311 1165 ex
331 1094 422 1162 nobis
444 1095 550 1186 geniti,
572 1097 722 1186 quoniam
744 1094 863 1162 dociles
884 1095 1042 1160 imitandis

268 1204 413 1298 turpibus
435 1227 474 1270 ac
495 1208 602 1297 prauis
626 1229 736 1274 omnes
759 1228 879 1286 sumus,
904 1213 935 1272 et
959 1203 1127 1272 Catilinam

268 1338 472 1409 quocumque
494 1316 525 1381 in
547 1316 666 1406 populo
690 1317 799 1384 uideas
822 1339 1026 1408 quocumque
1047 1315 1106 1381 sub
1129 1337 1199 1395 axe,

268 1428 326 1494 sed
347 1448 407 1494 nec
429 1424 549 1492 Brutus
571 1429 639 1508 erit,
661 1426 752 1493 Bruti
774 1451 834 1494 nec
857 1425 1033 1494 auunculus
1056 1448 1200 1517 usquam.

268 1535 312 1604 nil
334 1537 419 1604 dictu
441 1537 571 1604 loedum
593 1539 728 1629 uisuque
751 1537 831 1604 haec
854 1536 962 1604 limina
983 1545 1101 1628 tangat,

266 1650 347 1716 intra
370 1670 452 1739 quae
474 1657 565 1739 pater
587 1656 644 1714 est.
679 1647 799 1738 procul,
823 1647 863 1714 ah
886 1647 998 1739 procul
1019 1648 1091 1714 inde
1114 1647 1239 1740 puellae

268 1759 419 1827 lenonum
442 1766 475 1825 et
497 1766 608 1825 cantus
632 1760 846 1848 pernoctantis
868 1761 1004 1850 parasiti.

268 1871 407 1936 maxima
431 1865 564 1936 debetur
584 1890 684 1958 puero
708 1871 893 1935 reuerentia.
927 1869 1049 1959 siquid

268 1989 360 2071 turpe
382 2001 484 2070 paras,
507 2000 547 2045 ne
570 1986 604 2043 tu
627 1979 716 2068 pueri
738 1980 967 2069 contempseris
990 2003 1098 2061 annos,

267 2089 323 2157 sed
346 2097 517 2180 peccaturo
542 2086 647 2154 obstet
669 2087 724 2154 tibi
747 2087 828 2155 lilius
849 2091 960 2157 inians.

266 2223 341 2267 nam
363 2201 389 2265 si
412 2198 486 2290 quid
509 2199 640 2290 dignum
662 2201 803 2266 censoris
825 2201 937 2266 lecerit
958 2202 1004 2267 ira

267 2311 459 2402 quandoque
482 2318 514 2376 et
535 2307 670 2376 similem
693 2309 747 2375 tibi
770 2333 804 2377 se
826 2333 889 2377 non
913 2333 1047 2404 corpore
1071 2321 1192 2381 tantum

266 2445 327 2489 nec
349 2420 440 2488 uultu
464 2421 594 2500 dederit,
617 2442 741 2486 morum
765 2443 893 2513 quoquc
916 2421 997 2490 filius
1020 2427 1128 2514 etqui

267 2533 372 2601 omnia
394 2532 533 2600 deterius
555 2539 609 2597 tua
631 2553 687 2620 per
710 2532 844 2622 uestigia
865 2540 987 2623 peccet,

266 2642 419 2734 corripies
442 2643 589 2708 nimirum
613 2648 645 2705 et
667 2638 836 2732 castigabis
859 2641 974 2709 acerbo

265 2751 405 2820 clamore
427 2775 466 2820 ac
487 2759 561 2843 post
582 2750 662 2816 haec
685 2749 809 2817 tabulas
831 2761 954 2819 mutare
975 2754 1110 2846 parabis.

265 2862 350 2929 unde
373 2861 427 2928 tibi
449 2864 586 2929 lrontem
607 2859 849 2952 libertatemque
871 2867 1018 2952 parentis,

265 2995 339 3040 cum
361 2973 457 3038 iacias
480 2973 589 3061 peiora
611 2993 711 3038 senex
733 2994 937 3064 uacuumque
961 2975 1092 3044 cerebro

262 3081 472 3174 iampridem
494 3089 591 3173 caput
610 3079 673 3148 boc
695 3089 829 3149 uentosa
852 3085 1015 3153 cucurbita
1037 3089 1193 3180 quaerat?

260 3353 309 3412 38.
331 3347 501 3408 damnandis
523 3345 605 3405 buius
626 3348 701 3406 euim
722 3353 763 3407 Ρ.·
784 3348 895 3408 damnis
916 3351 1033 3414 huiusce
1054 3359 1158 3416 etenim
1179 3378 1214 3418 ω.
1263 3360 1370 3422 haecce

261 3428 366 3488 etenim
386 3426 481 3485 Arndt
493 3442 591 3500 propr.
604 3425 765 3502 Roceburp.
778 3431 852 3486 1825
867 3435 950 3504 ptl.
1055 3439 1102 3493 39.
1123 3456 1160 3495 ne
1179 3456 1240 3514 pm.-
1259 3458 1313 3498 nee
1332 3444 1366 3498 P.

260 3509 307 3563 41.
329 3504 494 3562 Catillinam
507 3506 542 3559 Ρ.
582 3503 629 3560 44.
650 3503 870 3572 ιιεοάἰοῑιιαος.
916 3510 963 3565 45.
1008 3521 1071 3570 ater
1090 3512 1219 3588 Pdfpvgc
1238 3535 1313 3594 puer
1332 3537 1366 3576 ω.

261 3601 292 3640 es
314 3577 344 3636 Σ
363 3582 516 3638 Grunreros
529 3577 663 3636 odocbol.
675 3584 777 3656 psos.
900 3527 1058 3660 proculab
1082 3591 1246 3650 uranaras:
1265 3594 1368 3670 procul

260 3675 295 3713 ac
314 3656 382 3728 Pfg,
401 3655 501 3732 procul
522 3653 577 3711 hac
597 3653 704 3728 obodan,
725 3658 827 3734 procul
848 3659 915 3716 inde
936 3676 963 3729 ς,
982 3665 1137 3793 proculire
1157 3669 1266 3728 2oodd.
1279 3674 1368 3729 Pori-

258 3729 1366 3889 liblallldalillillil‘lei'lil‘'itii'‘“liill‘‘’l'‘“llllllffi

256 3905 312 3944 nec
331 3890 392 3943 Por.
527 3885 574 3942 49.
596 3887 690 3943 obstet
710 3891 809 3953 Pace.-
829 3832 950 3946 obsiblat
967 3909 1002 3951 ω.
1023 3897 1118 3956 obstet
1138 3900 1189 3957 sed
1209 3824 1365 3976 poddaldio

255 3961 395 4021 Sanmite.
492 3965 539 4019 50.
560 3959 662 4018 lecerit
682 3965 771 4020 Psoi:
791 3963 895 4023 seceris
915 3987 944 4042 p.
1061 3979 1109 4033 51.
1131 3978 1306 4054 quandoque
1326 3983 1366 4036 Ρ.·

256 4037 490 4116 q⁰³⁰d⁰ql¹ldem
511 4056 546 4095 ‘¹’-
644 4049 672 4095 θῑ
692 4057 787 4106 θῆῑις·
895 4048 943 4102 52.
965 4065 1074 4107 morum
1095 4053 1146 4110 tibi
1164 4053 1240 4112 lilius
1260 4073 1325 4131 αρς.

254 4118 352 4174 simius
375 4114 574 4188 Wstbofooni.
587 4117 759 4193 tumeo.
858 4120 907 4197 qui
929 4126 988 4191 Ρςε
1010 4145 1072 4185 cum
1092 4148 1149 4206 pm.
1247 4137 1294 4192 57.
1315 4151 1363 4194 se·

250 4209 309 4253 nex
326 4212 387 4272 pm:
405 4211 491 4252 senes
511 4197 546 4251 P.
