<?xml version="1.0" encoding="UTF-8"?>
<!DOCTYPE html PUBLIC "-//W3C//DTD XHTML 1.0 Transitional//EN"
    "http://www.w3.org/TR/xhtml1/DTD/xhtml1-transitional.dtd">
<html xmlns="http://www.w3.org/1999/xhtml" xml:lang="en" lang="en">
 <head>
  <title>
</title>
<meta http-equiv="Content-Type" content="text/html;charset=utf-8" />
  <meta name='ocr-system' content='tesseract 3.04.00' />
  <meta name='ocr-capabilities' content='ocr_page ocr_carea ocr_par ocr_line ocrx_word'/>
</head>
<body>
  <div class='ocr_page' id='page_1' title='image "./diuniiiuvenalis00jahngoog_0215.png"; bbox 0 0 3025 4859; ppageno 0'>
   <div class='ocr_carea' id='block_1_1' title="bbox 590 382 840 441">
    <p class='ocr_par' dir='ltr' id='par_1_1' title="bbox 590 382 840 441">
     <span class='ocr_line' id='line_1_1' title="bbox 590 382 840 441; baseline -0.016 0"><span class='ocrx_word' id='word_1_1' title='bbox 590 382 737 441; x_wconf 71' lang='lat' dir='ltr'>SATVRA</span> <span class='ocrx_word' id='word_1_2' title='bbox 754 383 840 437; x_wconf 86' lang='lat' dir='ltr'>vnn.</span> 
     </span>
    </p>
   </div>
   <div class='ocr_carea' id='block_1_2' title="bbox 150 549 1083 2422">
    <p class='ocr_par' dir='ltr' id='par_1_2' title="bbox 155 549 1007 981">
     <span class='ocr_line' id='line_1_2' title="bbox 158 549 1002 651; baseline -0.005 -28"><span class='ocrx_word' id='word_1_3' title='bbox 158 564 312 651; x_wconf 90' lang='lat' dir='ltr'>quantum</span> <span class='ocrx_word' id='word_1_4' title='bbox 335 560 403 621; x_wconf 87' lang='lat' dir='ltr'>erat</span> <span class='ocrx_word' id='word_1_5' title='bbox 423 549 568 619; x_wconf 76' lang='lat' dir='ltr'><strong>exhausti</strong></span> <span class='ocrx_word' id='word_1_6' title='bbox 589 550 716 619; x_wconf 89' lang='lat' dir='ltr'>lumbos</span> <span class='ocrx_word' id='word_1_7' title='bbox 738 550 857 619; x_wconf 87' lang='lat' dir='ltr'>donare</span> <span class='ocrx_word' id='word_1_8' title='bbox 879 550 1002 619; x_wconf 83' lang='lat' dir='ltr'>clientis</span> 
     </span>
     <span class='ocr_line' id='line_1_3' title="bbox 155 660 1007 761; baseline -0.011 -25"><span class='ocrx_word' id='word_1_9' title='bbox 155 665 318 761; x_wconf 85' lang='lat' dir='ltr'>iugeribus</span> <span class='ocrx_word' id='word_1_10' title='bbox 341 660 465 757; x_wconf 84' lang='lat' dir='ltr'>paucis!</span> <span class='ocrx_word' id='word_1_11' title='bbox 487 661 642 745; x_wconf 81' lang='lat' dir='ltr'>meliusne</span> <span class='ocrx_word' id='word_1_12' title='bbox 663 661 715 729; x_wconf 85' lang='lat' dir='ltr'>hie</span> <span class='ocrx_word' id='word_1_13' title='bbox 737 664 874 729; x_wconf 86' lang='lat' dir='ltr'>rusticus</span> <span class='ocrx_word' id='word_1_14' title='bbox 895 663 1007 743; x_wconf 83' lang='lat' dir='ltr'>infans,</span> 
     </span>
     <span class='ocr_line' id='line_1_4' title="bbox 156 770 939 855; baseline -0.011 -7"><span class='ocrx_word' id='word_1_15' title='bbox 156 799 231 848; x_wconf 83' lang='lat' dir='ltr'>eum</span> <span class='ocrx_word' id='word_1_16' title='bbox 253 784 355 843; x_wconf 87' lang='lat' dir='ltr'>matre</span> <span class='ocrx_word' id='word_1_17' title='bbox 378 784 411 843; x_wconf 89' lang='lat' dir='ltr'>et</span> <span class='ocrx_word' id='word_1_18' title='bbox 432 772 547 841; x_wconf 88' lang='lat' dir='ltr'>casulis</span> <span class='ocrx_word' id='word_1_19' title='bbox 569 780 601 839; x_wconf 88' lang='lat' dir='ltr'>et</span> <span class='ocrx_word' id='word_1_20' title='bbox 624 770 792 839; x_wconf 88' lang='lat' dir='ltr'>conlusore</span> <span class='ocrx_word' id='word_1_21' title='bbox 814 772 939 855; x_wconf 88' lang='lat' dir='ltr'>catello,</span> 
     </span>
     <span class='ocr_line' id='line_1_5' title="bbox 157 881 857 981; baseline -0.011 -24"><span class='ocrx_word' id='word_1_22' title='bbox 157 886 302 981; x_wconf 83' lang='lat' dir='ltr'>cymbala</span> <span class='ocrx_word' id='word_1_23' title='bbox 324 886 479 979; x_wconf 87' lang='lat' dir='ltr'>pulsantis</span> <span class='ocrx_word' id='word_1_24' title='bbox 501 883 643 975; x_wconf 84' lang='lat' dir='ltr'>legatum</span> <span class='ocrx_word' id='word_1_25' title='bbox 665 881 719 950; x_wconf 89' lang='lat' dir='ltr'>liet</span> <span class='ocrx_word' id='word_1_26' title='bbox 741 881 857 950; x_wconf 77' lang='lat' dir='ltr'>amici?</span> 
     </span>
    </p>

    <p class='ocr_par' dir='ltr' id='par_1_3' title="bbox 150 990 1069 1310">
     <span class='ocr_line' id='line_1_6' title="bbox 150 990 1069 1092; baseline -0.01 -23"><span class='ocrx_word' id='word_1_27' title='bbox 150 994 330 1092; x_wconf 83' lang='lat' dir='ltr'>‘improbus</span> <span class='ocrx_word' id='word_1_28' title='bbox 352 1020 397 1078; x_wconf 85' lang='lat' dir='ltr'>es,</span> <span class='ocrx_word' id='word_1_29' title='bbox 420 1018 493 1063; x_wconf 87' lang='lat' dir='ltr'>cum</span> <span class='ocrx_word' id='word_1_30' title='bbox 515 990 640 1085; x_wconf 90' lang='lat' dir='ltr'>poscis,’</span> <span class='ocrx_word' id='word_1_31' title='bbox 664 994 716 1059; x_wconf 79' lang='lat' dir='ltr'>ait„</span> <span class='ocrx_word' id='word_1_32' title='bbox 740 995 797 1061; x_wconf 89' lang='lat' dir='ltr'>sed</span> <span class='ocrx_word' id='word_1_33' title='bbox 819 994 930 1085; x_wconf 89' lang='lat' dir='ltr'>pensio</span> <span class='ocrx_word' id='word_1_34' title='bbox 953 993 1069 1061; x_wconf 88' lang='lat' dir='ltr'>clamat</span> 
     </span>
     <span class='ocr_line' id='line_1_7' title="bbox 151 1102 1042 1206; baseline -0.007 -28"><span class='ocrx_word' id='word_1_35' title='bbox 151 1104 288 1206; x_wconf 85' lang='lat' dir='ltr'>‘poscel’</span> <span class='ocrx_word' id='word_1_36' title='bbox 313 1108 370 1175; x_wconf 90' lang='lat' dir='ltr'>sed</span> <span class='ocrx_word' id='word_1_37' title='bbox 392 1104 531 1199; x_wconf 86' lang='lat' dir='ltr'>appellat</span> <span class='ocrx_word' id='word_1_38' title='bbox 551 1127 631 1195; x_wconf 89' lang='lat' dir='ltr'>puer</span> <span class='ocrx_word' id='word_1_39' title='bbox 652 1104 775 1185; x_wconf 85' lang='lat' dir='ltr'>unicus,</span> <span class='ocrx_word' id='word_1_40' title='bbox 796 1112 832 1171; x_wconf 93' lang='lat' dir='ltr'>ut</span> <span class='ocrx_word' id='word_1_41' title='bbox 852 1102 1042 1196; x_wconf 86' lang='lat' dir='ltr'><strong>Polyphemi</strong></span> 
     </span>
     <span class='ocr_line' id='line_1_8' title="bbox 154 1213 932 1310; baseline -0.014 -20"><span class='ocrx_word' id='word_1_42' title='bbox 154 1225 218 1290; x_wconf 84' lang='lat' dir='ltr'>lata</span> <span class='ocrx_word' id='word_1_43' title='bbox 240 1221 334 1301; x_wconf 89' lang='lat' dir='ltr'>acies,</span> <span class='ocrx_word' id='word_1_44' title='bbox 356 1240 413 1310; x_wconf 87' lang='lat' dir='ltr'>per</span> <span class='ocrx_word' id='word_1_45' title='bbox 436 1236 532 1308; x_wconf 87' lang='lat' dir='ltr'>quam</span> <span class='ocrx_word' id='word_1_46' title='bbox 553 1213 667 1281; x_wconf 89' lang='lat' dir='ltr'>sollers</span> <span class='ocrx_word' id='word_1_47' title='bbox 689 1216 791 1284; x_wconf 86' lang='lat' dir='ltr'>euasit</span> <span class='ocrx_word' id='word_1_48' title='bbox 813 1213 932 1282; x_wconf 85' lang='lat' dir='ltr'>Ulixes.</span> 
     </span>
    </p>

    <p class='ocr_par' dir='ltr' id='par_1_4' title="bbox 152 1324 1083 2089">
     <span class='ocr_line' id='line_1_9' title="bbox 154 1324 1083 1417; baseline -0.006 -15"><span class='ocrx_word' id='word_1_49' title='bbox 154 1335 234 1403; x_wconf 87' lang='lat' dir='ltr'>alter</span> <span class='ocrx_word' id='word_1_50' title='bbox 256 1328 409 1399; x_wconf 85' lang='lat' dir='ltr'>emendus</span> <span class='ocrx_word' id='word_1_51' title='bbox 432 1328 500 1407; x_wconf 90' lang='lat' dir='ltr'>erit,</span> <span class='ocrx_word' id='word_1_52' title='bbox 522 1348 660 1417; x_wconf 87' lang='lat' dir='ltr'>namque</span> <span class='ocrx_word' id='word_1_53' title='bbox 682 1324 733 1394; x_wconf 89' lang='lat' dir='ltr'>hic</span> <span class='ocrx_word' id='word_1_54' title='bbox 755 1347 821 1392; x_wconf 91' lang='lat' dir='ltr'>non</span> <span class='ocrx_word' id='word_1_55' title='bbox 842 1325 966 1408; x_wconf 80' lang='lat' dir='ltr'>suflicit,</span> <span class='ocrx_word' id='word_1_56' title='bbox 988 1328 1083 1396; x_wconf 90' lang='lat' dir='ltr'>ambo</span> 
     </span>
     <span class='ocr_line' id='line_1_10' title="bbox 153 1434 1043 1538; baseline -0.007 -26"><span class='ocrx_word' id='word_1_57' title='bbox 153 1442 314 1538; x_wconf 85' lang='lat' dir='ltr'>pascendi.</span> <span class='ocrx_word' id='word_1_58' title='bbox 336 1438 410 1532; x_wconf 86' lang='lat' dir='ltr'>qnid</span> <span class='ocrx_word' id='word_1_59' title='bbox 433 1459 527 1530; x_wconf 85' lang='lat' dir='ltr'>agam</span> <span class='ocrx_word' id='word_1_60' title='bbox 549 1434 661 1502; x_wconf 89' lang='lat' dir='ltr'>bruma</span> <span class='ocrx_word' id='word_1_61' title='bbox 684 1434 846 1527; x_wconf 81' lang='lat' dir='ltr'>spirante?</span> <span class='ocrx_word' id='word_1_62' title='bbox 868 1438 952 1529; x_wconf 90' lang='lat' dir='ltr'>quid,</span> <span class='ocrx_word' id='word_1_63' title='bbox 975 1461 1043 1521; x_wconf 89' lang='lat' dir='ltr'>oro,</span> 
     </span>
     <span class='ocr_line' id='line_1_11' title="bbox 153 1546 1073 1649; baseline -0.004 -27"><span class='ocrx_word' id='word_1_64' title='bbox 153 1554 229 1649; x_wconf 92' lang='lat' dir='ltr'>quid</span> <span class='ocrx_word' id='word_1_65' title='bbox 251 1554 354 1621; x_wconf 84' lang='lat' dir='ltr'>dicam</span> <span class='ocrx_word' id='word_1_66' title='bbox 376 1546 513 1639; x_wconf 88' lang='lat' dir='ltr'>scapulis</span> <span class='ocrx_word' id='word_1_67' title='bbox 535 1568 708 1639; x_wconf 86' lang='lat' dir='ltr'>puerorum</span> <span class='ocrx_word' id='word_1_68' title='bbox 730 1546 877 1638; x_wconf 90' lang='lat' dir='ltr'>aquilone</span> <span class='ocrx_word' id='word_1_69' title='bbox 898 1546 1073 1618; x_wconf 88' lang='lat' dir='ltr'>Decembri</span> 
     </span>
     <span class='ocr_line' id='line_1_12' title="bbox 152 1657 1000 1757; baseline -0.011 -23"><span class='ocrx_word' id='word_1_70' title='bbox 152 1659 364 1757; x_wconf 85' lang='lat' dir='ltr'>etpedibus?</span> <span class='ocrx_word' id='word_1_71' title='bbox 386 1661 497 1727; x_wconf 84' lang='lat' dir='ltr'>durate</span> <span class='ocrx_word' id='word_1_72' title='bbox 519 1658 623 1751; x_wconf 90' lang='lat' dir='ltr'>adque</span> <span class='ocrx_word' id='word_1_73' title='bbox 646 1666 831 1749; x_wconf 86' lang='lat' dir='ltr'>exspectate</span> <span class='ocrx_word' id='word_1_74' title='bbox 852 1657 1000 1727; x_wconf 79' lang='lat' dir='ltr'>cicadas?</span> 
     </span>
     <span class='ocr_line' id='line_1_13' title="bbox 152 1768 1006 1862; baseline -0.009 -16"><span class='ocrx_word' id='word_1_75' title='bbox 152 1798 274 1857; x_wconf 89' lang='lat' dir='ltr'>uerum,</span> <span class='ocrx_word' id='word_1_76' title='bbox 297 1782 333 1841; x_wconf 88' lang='lat' dir='ltr'>ut</span> <span class='ocrx_word' id='word_1_77' title='bbox 354 1768 543 1849; x_wconf 85' lang='lat' dir='ltr'>dissimules,</span> <span class='ocrx_word' id='word_1_78' title='bbox 564 1777 599 1835; x_wconf 91' lang='lat' dir='ltr'>ut</span> <span class='ocrx_word' id='word_1_79' title='bbox 622 1770 727 1836; x_wconf 85' lang='lat' dir='ltr'>mittas</span> <span class='ocrx_word' id='word_1_80' title='bbox 751 1777 867 1849; x_wconf 90' lang='lat' dir='ltr'>cetera,</span> <span class='ocrx_word' id='word_1_81' title='bbox 887 1780 1006 1862; x_wconf 85' lang='lat' dir='ltr'>quanto</span> 
     </span>
     <span class='ocr_line' id='line_1_14' title="bbox 153 1869 997 1976; baseline -0.012 -20"><span class='ocrx_word' id='word_1_82' title='bbox 153 1887 273 1956; x_wconf 87' lang='lat' dir='ltr'>metiris</span> <span class='ocrx_word' id='word_1_83' title='bbox 295 1884 407 1976; x_wconf 90' lang='lat' dir='ltr'>pretio,</span> <span class='ocrx_word' id='word_1_84' title='bbox 430 1878 524 1972; x_wconf 91' lang='lat' dir='ltr'>quod,</span> <span class='ocrx_word' id='word_1_85' title='bbox 546 1880 578 1945; x_wconf 93' lang='lat' dir='ltr'>ni</span> <span class='ocrx_word' id='word_1_86' title='bbox 601 1877 656 1947; x_wconf 93' lang='lat' dir='ltr'>tibi</span> <span class='ocrx_word' id='word_1_87' title='bbox 679 1879 803 1946; x_wconf 86' lang='lat' dir='ltr'>deditus</span> <span class='ocrx_word' id='word_1_88' title='bbox 826 1902 930 1947; x_wconf 89' lang='lat' dir='ltr'>essem</span> <span class='ocrx_word' id='word_1_89' title='bbox 993 1869 997 1875; x_wconf 39' lang='lat'><em>⁴</em></span> 
     </span>
     <span class='ocr_line' id='line_1_15' title="bbox 153 1988 970 2089; baseline -0.012 -23"><span class='ocrx_word' id='word_1_90' title='bbox 153 1999 354 2089; x_wconf 87' lang='lat' dir='ltr'>deuotusque</span> <span class='ocrx_word' id='word_1_91' title='bbox 377 1991 485 2071; x_wconf 89' lang='lat' dir='ltr'>cliens,</span> <span class='ocrx_word' id='word_1_92' title='bbox 508 1997 667 2056; x_wconf 89' lang='lat' dir='ltr'>uxortua</span> <span class='ocrx_word' id='word_1_93' title='bbox 691 1990 781 2082; x_wconf 86' lang='lat' dir='ltr'>uirgo</span> <span class='ocrx_word' id='word_1_94' title='bbox 804 1988 970 2057; x_wconf 83' lang='lat' dir='ltr'>maneret?</span> 
     </span>
    </p>

    <p class='ocr_par' dir='ltr' id='par_1_5' title="bbox 152 2099 1074 2422">
     <span class='ocr_line' id='line_1_16' title="bbox 153 2099 1074 2197; baseline -0.008 -20"><span class='ocrx_word' id='word_1_95' title='bbox 153 2109 216 2177; x_wconf 88' lang='lat' dir='ltr'>scis</span> <span class='ocrx_word' id='word_1_96' title='bbox 238 2115 335 2185; x_wconf 84' lang='lat' dir='ltr'>certe,</span> <span class='ocrx_word' id='word_1_97' title='bbox 357 2102 472 2196; x_wconf 88' lang='lat' dir='ltr'>quibus</span> <span class='ocrx_word' id='word_1_98' title='bbox 494 2102 554 2169; x_wconf 84' lang='lat' dir='ltr'>ista</span> <span class='ocrx_word' id='word_1_99' title='bbox 577 2099 689 2180; x_wconf 89' lang='lat' dir='ltr'>modis,</span> <span class='ocrx_word' id='word_1_100' title='bbox 713 2122 809 2192; x_wconf 87' lang='lat' dir='ltr'>quam</span> <span class='ocrx_word' id='word_1_101' title='bbox 832 2125 929 2191; x_wconf 81' lang='lat' dir='ltr'>saepe</span> <span class='ocrx_word' id='word_1_102' title='bbox 951 2106 1074 2197; x_wconf 83' lang='lat' dir='ltr'>rogaris</span> 
     </span>
     <span class='ocr_line' id='line_1_17' title="bbox 154 2210 959 2311; baseline -0.01 -24"><span class='ocrx_word' id='word_1_103' title='bbox 154 2228 187 2288; x_wconf 89' lang='lat' dir='ltr'>et</span> <span class='ocrx_word' id='word_1_104' title='bbox 208 2241 291 2311; x_wconf 89' lang='lat' dir='ltr'>quae</span> <span class='ocrx_word' id='word_1_105' title='bbox 313 2213 480 2308; x_wconf 75' lang='lat' dir='ltr'>pollicitus.</span> <span class='ocrx_word' id='word_1_106' title='bbox 504 2210 678 2302; x_wconf 76' lang='lat' dir='ltr'>lugientem</span> <span class='ocrx_word' id='word_1_107' title='bbox 701 2233 798 2301; x_wconf 84' lang='lat' dir='ltr'>saepe</span> <span class='ocrx_word' id='word_1_108' title='bbox 819 2211 959 2303; x_wconf 88' lang='lat' dir='ltr'>puellam</span> 
     </span>
     <span class='ocr_line' id='line_1_18' title="bbox 152 2321 1019 2422; baseline -0.007 -23"><span class='ocrx_word' id='word_1_109' title='bbox 152 2328 304 2422; x_wconf 84' lang='lat' dir='ltr'>amplexu</span> <span class='ocrx_word' id='word_1_110' title='bbox 326 2326 431 2417; x_wconf 89' lang='lat' dir='ltr'>rapui;</span> <span class='ocrx_word' id='word_1_111' title='bbox 454 2321 578 2390; x_wconf 89' lang='lat' dir='ltr'>tabulas</span> <span class='ocrx_word' id='word_1_112' title='bbox 601 2342 728 2412; x_wconf 88' lang='lat' dir='ltr'>quoque</span> <span class='ocrx_word' id='word_1_113' title='bbox 751 2332 881 2411; x_wconf 75' lang='lat' dir='ltr'>ruperat</span> <span class='ocrx_word' id='word_1_114' title='bbox 903 2333 936 2390; x_wconf 88' lang='lat' dir='ltr'>et</span> <span class='ocrx_word' id='word_1_115' title='bbox 954 2326 1019 2393; x_wconf 88' lang='lat' dir='ltr'>iam</span> 
     </span>
    </p>
   </div>
   <div class='ocr_carea' id='block_1_3' title="bbox 153 2432 1139 3195">
    <p class='ocr_par' dir='ltr' id='par_1_6' title="bbox 154 2432 897 2535">
     <span class='ocr_line' id='line_1_19' title="bbox 154 2432 897 2535; baseline -0.012 -26"><span class='ocrx_word' id='word_1_116' title='bbox 154 2437 307 2535; x_wconf 81' lang='lat' dir='ltr'>signabat,</span> <span class='ocrx_word' id='word_1_117' title='bbox 329 2445 396 2504; x_wconf 87' lang='lat' dir='ltr'>tota</span> <span class='ocrx_word' id='word_1_118' title='bbox 419 2436 475 2503; x_wconf 75' lang='lat' dir='ltr'>trix</span> <span class='ocrx_word' id='word_1_119' title='bbox 495 2433 557 2500; x_wconf 91' lang='lat' dir='ltr'>hoc</span> <span class='ocrx_word' id='word_1_120' title='bbox 580 2452 640 2523; x_wconf 85' lang='lat' dir='ltr'>ego</span> <span class='ocrx_word' id='word_1_121' title='bbox 663 2441 760 2498; x_wconf 89' lang='lat' dir='ltr'>nocte</span> <span class='ocrx_word' id='word_1_122' title='bbox 777 2432 897 2501; x_wconf 84' lang='lat' dir='ltr'>redemi</span> 
     </span>
    </p>

    <p class='ocr_par' dir='ltr' id='par_1_7' title="bbox 155 2540 949 2642">
     <span class='ocr_line' id='line_1_20' title="bbox 155 2540 949 2642; baseline -0.01 -22"><span class='ocrx_word' id='word_1_123' title='bbox 155 2560 186 2620; x_wconf 89' lang='lat' dir='ltr'>te</span> <span class='ocrx_word' id='word_1_124' title='bbox 207 2550 352 2642; x_wconf 76' lang='lat' dir='ltr'>plorante</span> <span class='ocrx_word' id='word_1_125' title='bbox 375 2547 460 2615; x_wconf 86' lang='lat' dir='ltr'>loris.</span> <span class='ocrx_word' id='word_1_126' title='bbox 483 2543 573 2611; x_wconf 85' lang='lat' dir='ltr'>testis</span> <span class='ocrx_word' id='word_1_127' title='bbox 595 2540 672 2608; x_wconf 87' lang='lat' dir='ltr'>mihi</span> <span class='ocrx_word' id='word_1_128' title='bbox 692 2540 829 2609; x_wconf 88' lang='lat' dir='ltr'>lectulus</span> <span class='ocrx_word' id='word_1_129' title='bbox 852 2552 885 2611; x_wconf 86' lang='lat' dir='ltr'>et</span> <span class='ocrx_word' id='word_1_130' title='bbox 907 2552 949 2625; x_wconf 90' lang='lat' dir='ltr'>tu,</span> 
     </span>
    </p>

    <p class='ocr_par' dir='ltr' id='par_1_8' title="bbox 154 2652 1083 2975">
     <span class='ocr_line' id='line_1_21' title="bbox 156 2652 1020 2753; baseline -0.013 -21"><span class='ocrx_word' id='word_1_131' title='bbox 156 2663 195 2731; x_wconf 90' lang='lat' dir='ltr'>ad</span> <span class='ocrx_word' id='word_1_132' title='bbox 218 2683 314 2753; x_wconf 89' lang='lat' dir='ltr'>quem</span> <span class='ocrx_word' id='word_1_133' title='bbox 335 2658 482 2749; x_wconf 87' lang='lat' dir='ltr'>peruenit</span> <span class='ocrx_word' id='word_1_134' title='bbox 503 2654 578 2724; x_wconf 89' lang='lat' dir='ltr'>lecti</span> <span class='ocrx_word' id='word_1_135' title='bbox 600 2674 699 2721; x_wconf 89' lang='lat' dir='ltr'>sonus</span> <span class='ocrx_word' id='word_1_136' title='bbox 722 2660 754 2719; x_wconf 91' lang='lat' dir='ltr'>et</span> <span class='ocrx_word' id='word_1_137' title='bbox 776 2652 923 2721; x_wconf 87' lang='lat' dir='ltr'>dominae</span> <span class='ocrx_word' id='word_1_138' title='bbox 946 2678 1020 2723; x_wconf 84' lang='lat' dir='ltr'>uox.</span> 
     </span>
     <span class='ocr_line' id='line_1_22' title="bbox 154 2765 1083 2863; baseline -0.009 -20"><span class='ocrx_word' id='word_1_139' title='bbox 154 2770 299 2843; x_wconf 85' lang='lat' dir='ltr'>instabile</span> <span class='ocrx_word' id='word_1_140' title='bbox 321 2791 359 2836; x_wconf 87' lang='lat' dir='ltr'>ac</span> <span class='ocrx_word' id='word_1_141' title='bbox 381 2767 483 2835; x_wconf 86' lang='lat' dir='ltr'>dirimi</span> <span class='ocrx_word' id='word_1_142' title='bbox 504 2778 655 2863; x_wconf 88' lang='lat' dir='ltr'>coeptum</span> <span class='ocrx_word' id='word_1_143' title='bbox 678 2768 796 2835; x_wconf 89' lang='lat' dir='ltr'>etiam</span> <span class='ocrx_word' id='word_1_144' title='bbox 819 2788 920 2856; x_wconf 88' lang='lat' dir='ltr'>paene</span> <span class='ocrx_word' id='word_1_145' title='bbox 942 2765 1083 2835; x_wconf 89' lang='lat' dir='ltr'>solutum</span> 
     </span>
     <span class='ocr_line' id='line_1_23' title="bbox 155 2875 1005 2975; baseline -0.012 -21"><span class='ocrx_word' id='word_1_146' title='bbox 155 2883 339 2975; x_wconf 82' lang='lat' dir='ltr'>coniugium</span> <span class='ocrx_word' id='word_1_147' title='bbox 360 2879 392 2946; x_wconf 89' lang='lat' dir='ltr'>in</span> <span class='ocrx_word' id='word_1_148' title='bbox 414 2878 520 2945; x_wconf 88' lang='lat' dir='ltr'>multis</span> <span class='ocrx_word' id='word_1_149' title='bbox 543 2879 689 2947; x_wconf 84' lang='lat' dir='ltr'>domibus</span> <span class='ocrx_word' id='word_1_150' title='bbox 712 2877 852 2945; x_wconf 88' lang='lat' dir='ltr'>seruauit</span> <span class='ocrx_word' id='word_1_151' title='bbox 874 2875 1005 2945; x_wconf 87' lang='lat' dir='ltr'>adulter.</span> 
     </span>
    </p>

    <p class='ocr_par' dir='ltr' id='par_1_9' title="bbox 153 2985 1139 3195">
     <span class='ocr_line' id='line_1_24' title="bbox 154 2985 1101 3089; baseline -0.007 -26"><span class='ocrx_word' id='word_1_152' title='bbox 154 3018 219 3089; x_wconf 88' lang='lat' dir='ltr'>quo</span> <span class='ocrx_word' id='word_1_153' title='bbox 241 3001 274 3060; x_wconf 92' lang='lat' dir='ltr'>te</span> <span class='ocrx_word' id='word_1_154' title='bbox 296 2988 517 3083; x_wconf 82' lang='lat' dir='ltr'>circumagas‘?</span> <span class='ocrx_word' id='word_1_155' title='bbox 539 3014 621 3083; x_wconf 91' lang='lat' dir='ltr'>quae</span> <span class='ocrx_word' id='word_1_156' title='bbox 643 2992 743 3082; x_wconf 90' lang='lat' dir='ltr'>prima</span> <span class='ocrx_word' id='word_1_157' title='bbox 767 2996 824 3055; x_wconf 89' lang='lat' dir='ltr'>aut</span> <span class='ocrx_word' id='word_1_158' title='bbox 846 2985 955 3055; x_wconf 88' lang='lat' dir='ltr'>ultima</span> <span class='ocrx_word' id='word_1_159' title='bbox 978 2990 1101 3081; x_wconf 85' lang='lat' dir='ltr'>ponas?</span> 
     </span>
     <span class='ocr_line' id='line_1_25' title="bbox 153 3098 1139 3195; baseline -0.006 -18"><span class='ocrx_word' id='word_1_160' title='bbox 153 3104 277 3177; x_wconf 78' lang='lat' dir='ltr'>nrrllum</span> <span class='ocrx_word' id='word_1_161' title='bbox 299 3122 376 3195; x_wconf 82' lang='lat' dir='ltr'>ergo</span> <span class='ocrx_word' id='word_1_162' title='bbox 399 3101 548 3169; x_wconf 86' lang='lat' dir='ltr'>meritum</span> <span class='ocrx_word' id='word_1_163' title='bbox 569 3108 628 3182; x_wconf 81' lang='lat' dir='ltr'>ert,</span> <span class='ocrx_word' id='word_1_164' title='bbox 650 3100 774 3193; x_wconf 83' lang='lat' dir='ltr'>ingrate</span> <span class='ocrx_word' id='word_1_165' title='bbox 796 3122 835 3167; x_wconf 89' lang='lat' dir='ltr'>ae</span> <span class='ocrx_word' id='word_1_166' title='bbox 856 3098 986 3192; x_wconf 80' lang='lat' dir='ltr'>perfide,</span> <span class='ocrx_word' id='word_1_167' title='bbox 1007 3101 1139 3186; x_wconf 88' lang='lat' dir='ltr'>nullum,</span> 
     </span>
    </p>
   </div>
   <div class='ocr_carea' id='block_1_4' title="bbox 154 3366 1273 4293">
    <p class='ocr_par' dir='ltr' id='par_1_10' title="bbox 154 3366 1273 4293">
     <span class='ocr_line' id='line_1_26' title="bbox 155 3366 1268 3457; baseline -0.006 -14"><span class='ocrx_word' id='word_1_168' title='bbox 155 3384 242 3457; x_wconf 71' lang='lat' dir='ltr'>susq.</span> <span class='ocrx_word' id='word_1_169' title='bbox 252 3376 398 3437; x_wconf 68' lang='grc' dir='ltr'><strong>Ρτίεοίαη.</strong></span> <span class='ocrx_word' id='word_1_170' title='bbox 412 3376 565 3443; x_wconf 80' lang='lat' dir='ltr'>V11‚6‚25</span> <span class='ocrx_word' id='word_1_171' title='bbox 577 3374 686 3451; x_wconf 74' lang='lat' dir='ltr'>pm:</span> <span class='ocrx_word' id='word_1_172' title='bbox 702 3366 830 3431; x_wconf 78' lang='lat' dir='ltr'>‘Dicitur</span> <span class='ocrx_word' id='word_1_173' title='bbox 839 3379 933 3431; x_wconf 75' lang='lat' dir='ltr'>aaron</span> <span class='ocrx_word' id='word_1_174' title='bbox 943 3382 969 3432; x_wconf 85' lang='lat' dir='ltr'>et</span> <span class='ocrx_word' id='word_1_175' title='bbox 978 3374 1033 3433; x_wconf 83' lang='lat' dir='ltr'>lroe</span> <span class='ocrx_word' id='word_1_176' title='bbox 1046 3376 1138 3454; x_wconf 67' lang='lat' dir='ltr'>ingre,</span> <span class='ocrx_word' id='word_1_177' title='bbox 1152 3379 1268 3456; x_wconf 84' lang='lat' dir='ltr'>ingeris,</span> 
     </span>
     <span class='ocr_line' id='line_1_27' title="bbox 154 3449 1228 3531; baseline -0.004 -14"><span class='ocrx_word' id='word_1_178' title='bbox 154 3452 524 3517; x_wconf 71' lang='lat' dir='ltr'>ontelooerotetofflr:</span> <span class='ocrx_word' id='word_1_179' title='bbox 545 3453 690 3529; x_wconf 82' lang='lat' dir='ltr'>iugeribus</span> <span class='ocrx_word' id='word_1_180' title='bbox 711 3451 814 3531; x_wconf 85' lang='lat' dir='ltr'>paucis</span> <span class='ocrx_word' id='word_1_181' title='bbox 833 3450 944 3508; x_wconf 88' lang='lat' dir='ltr'>lumbos</span> <span class='ocrx_word' id='word_1_182' title='bbox 965 3452 1075 3512; x_wconf 87' lang='lat' dir='ltr'>donare</span> <span class='ocrx_word' id='word_1_183' title='bbox 1097 3449 1228 3513; x_wconf 66' lang='lat' dir='ltr'>clientis?</span> 
     </span>
     <span class='ocr_line' id='line_1_28' title="bbox 157 3520 1270 3605; baseline -0.001 -13"><span class='ocrx_word' id='word_1_184' title='bbox 157 3540 204 3593; x_wconf 88' lang='grc'>60.</span> <span class='ocrx_word' id='word_1_185' title='bbox 225 3532 364 3591; x_wconf 86' lang='lat' dir='ltr'>meliorne</span> <span class='ocrx_word' id='word_1_186' title='bbox 386 3547 413 3596; x_wconf 90' lang='grc' dir='ltr'>ς.</span> <span class='ocrx_word' id='word_1_187' title='bbox 502 3530 549 3586; x_wconf 87' lang='lat' dir='ltr'>hie</span> <span class='ocrx_word' id='word_1_188' title='bbox 568 3547 624 3586; x_wconf 84' lang='lat' dir='ltr'>om.</span> <span class='ocrx_word' id='word_1_189' title='bbox 635 3548 663 3597; x_wconf 90' lang='grc' dir='ltr'><strong>ς.</strong></span> <span class='ocrx_word' id='word_1_190' title='bbox 761 3531 808 3585; x_wconf 87' lang='grc'>61.</span> <span class='ocrx_word' id='word_1_191' title='bbox 829 3526 935 3584; x_wconf 82' lang='lat' dir='ltr'>casulis</span> <span class='ocrx_word' id='word_1_192' title='bbox 954 3548 1015 3605; x_wconf 83' lang='lat' dir='ltr'>pro.-</span> <span class='ocrx_word' id='word_1_193' title='bbox 1035 3532 1141 3590; x_wconf 78' lang='lat' dir='ltr'>coculis</span> <span class='ocrx_word' id='word_1_194' title='bbox 1163 3537 1197 3602; x_wconf 90' lang='lat' dir='ltr'>P,</span> <span class='ocrx_word' id='word_1_195' title='bbox 1217 3520 1270 3591; x_wconf 81' lang='lat' dir='ltr'>ca-</span> 
     </span>
     <span class='ocr_line' id='line_1_29' title="bbox 156 3604 1230 3682; baseline -0.001 -12"><span class='ocrx_word' id='word_1_196' title='bbox 156 3612 224 3670; x_wconf 82' lang='lat' dir='ltr'>tulis</span> <span class='ocrx_word' id='word_1_197' title='bbox 246 3608 308 3667; x_wconf 84' lang='lat' dir='ltr'>eod.</span> <span class='ocrx_word' id='word_1_198' title='bbox 320 3608 507 3665; x_wconf 74' lang='lat' dir='ltr'>Monacensis</span> <span class='ocrx_word' id='word_1_199' title='bbox 520 3608 586 3665; x_wconf 82' lang='grc'><strong>408.</strong></span> <span class='ocrx_word' id='word_1_200' title='bbox 714 3604 867 3661; x_wconf 85' lang='lat' dir='ltr'>conlusore</span> <span class='ocrx_word' id='word_1_201' title='bbox 888 3607 968 3682; x_wconf 79' lang='lat' dir='ltr'>PSp:</span> <span class='ocrx_word' id='word_1_202' title='bbox 993 3627 1057 3664; x_wconf 85' lang='lat' dir='ltr'>cum</span> <span class='ocrx_word' id='word_1_203' title='bbox 1078 3609 1174 3669; x_wconf 80' lang='lat' dir='ltr'>tusone</span> <span class='ocrx_word' id='word_1_204' title='bbox 1195 3630 1230 3669; x_wconf 84' lang='grc' dir='ltr'><strong>ω.</strong></span> 
     </span>
     <span class='ocr_line' id='line_1_30' title="bbox 157 3682 1272 3777; baseline -0.001 -32"><span class='ocrx_word' id='word_1_205' title='bbox 157 3692 205 3749; x_wconf 83' lang='grc'>62.</span> <span class='ocrx_word' id='word_1_206' title='bbox 226 3688 351 3777; x_wconf 63' lang='lat' dir='ltr'>legetum</span> <span class='ocrx_word' id='word_1_207' title='bbox 364 3686 406 3758; x_wconf 79' lang='lat' dir='ltr'>Pp</span> <span class='ocrx_word' id='word_1_208' title='bbox 417 3686 542 3759; x_wconf 77' lang='lat' dir='ltr'>Lipsiae</span> <span class='ocrx_word' id='word_1_209' title='bbox 553 3701 614 3759; x_wconf 83' lang='lat' dir='ltr'>epp.</span> <span class='ocrx_word' id='word_1_210' title='bbox 627 3688 752 3759; x_wconf 81' lang='lat' dir='ltr'>quoestt.</span> <span class='ocrx_word' id='word_1_211' title='bbox 764 3683 880 3771; x_wconf 75' lang='lat'>¹¹⁷².²⁵‘</span> <span class='ocrx_word' id='word_1_212' title='bbox 900 3682 1012 3760; x_wconf 85' lang='lat' dir='ltr'>legatus</span> <span class='ocrx_word' id='word_1_213' title='bbox 1033 3704 1068 3743; x_wconf 80' lang='lat' dir='ltr'>nr.</span> <span class='ocrx_word' id='word_1_214' title='bbox 1157 3691 1204 3747; x_wconf 83' lang='lat'>63.</span> <span class='ocrx_word' id='word_1_215' title='bbox 1226 3699 1272 3747; x_wconf 86' lang='lat' dir='ltr'>est</span> 
     </span>
     <span class='ocr_line' id='line_1_31' title="bbox 156 3759 1273 3920; baseline -0.002 -18"><span class='ocrx_word' id='word_1_216' title='bbox 156 3759 762 3914; x_wconf 63' lang='lat' dir='ltr'>{runtrlntamutsspr</span> <span class='ocrx_word' id='word_1_217' title='bbox 782 3765 1273 3920; x_wconf 42' lang='lat' dir='ltr'>artent.truttam</span> 
     </span>
     <span class='ocr_line' id='line_1_32' title="bbox 157 3910 1271 3995; baseline 0 -18"><span class='ocrx_word' id='word_1_218' title='bbox 157 3923 205 3980; x_wconf 89' lang='grc'>65.</span> <span class='ocrx_word' id='word_1_219' title='bbox 227 3918 319 3975; x_wconf 82' lang='lat' dir='ltr'>ulixes</span> <span class='ocrx_word' id='word_1_220' title='bbox 339 3916 434 3991; x_wconf 68' lang='lat' dir='ltr'>PSps.</span> <span class='ocrx_word' id='word_1_221' title='bbox 552 3917 600 3974; x_wconf 87' lang='grc'>67.</span> <span class='ocrx_word' id='word_1_222' title='bbox 622 3918 750 3993; x_wconf 85' lang='lat' dir='ltr'>spirante</span> <span class='ocrx_word' id='word_1_223' title='bbox 772 3910 841 3987; x_wconf 88' lang='lat' dir='ltr'>quid</span> <span class='ocrx_word' id='word_1_224' title='bbox 863 3913 952 3972; x_wconf 78' lang='lat' dir='ltr'>euro‘l</span> <span class='ocrx_word' id='word_1_225' title='bbox 977 3916 1164 3976; x_wconf 80' lang='lat' dir='ltr'>Slotltouwer</span> <span class='ocrx_word' id='word_1_226' title='bbox 1184 3918 1271 3995; x_wconf 80' lang='lat' dir='ltr'>(ortt.</span> 
     </span>
     <span class='ocr_line' id='line_1_33' title="bbox 158 3987 1272 4071; baseline 0.004 -22"><span class='ocrx_word' id='word_1_227' title='bbox 158 4014 216 4056; x_wconf 69' lang='lat' dir='ltr'>ooo.</span> <span class='ocrx_word' id='word_1_228' title='bbox 230 3995 311 4052; x_wconf 64' lang='lat' dir='ltr'>troi.</span> <span class='ocrx_word' id='word_1_229' title='bbox 324 3996 376 4051; x_wconf 82' lang='lat'>111</span> <span class='ocrx_word' id='word_1_230' title='bbox 388 3988 555 4068; x_wconf 81' lang='lat' dir='ltr'>p.192sq.).</span> <span class='ocrx_word' id='word_1_231' title='bbox 672 3995 719 4050; x_wconf 87' lang='grc'>68.</span> <span class='ocrx_word' id='word_1_232' title='bbox 742 3987 877 4065; x_wconf 85' lang='lat' dir='ltr'>aquilone</span> <span class='ocrx_word' id='word_1_233' title='bbox 898 3991 1051 4051; x_wconf 82' lang='lat' dir='ltr'>Decembri</span> <span class='ocrx_word' id='word_1_234' title='bbox 1070 3997 1114 4050; x_wconf 82' lang='lat' dir='ltr'>P:</span> <span class='ocrx_word' id='word_1_235' title='bbox 1137 3995 1272 4071; x_wconf 89' lang='lat' dir='ltr'>aquilone</span> 
     </span>
     <span class='ocr_line' id='line_1_34' title="bbox 160 4068 1273 4151; baseline -0.001 -21"><span class='ocrx_word' id='word_1_236' title='bbox 160 4072 278 4132; x_wconf 88' lang='lat' dir='ltr'>decreui</span> <span class='ocrx_word' id='word_1_237' title='bbox 297 4068 343 4145; x_wconf 75' lang='lat' dir='ltr'>pla,</span> <span class='ocrx_word' id='word_1_238' title='bbox 363 4088 463 4127; x_wconf 85' lang='lat' dir='ltr'>mense</span> <span class='ocrx_word' id='word_1_239' title='bbox 482 4068 637 4130; x_wconf 84' lang='lat' dir='ltr'>Decembri</span> <span class='ocrx_word' id='word_1_240' title='bbox 657 4088 691 4126; x_wconf 86' lang='grc' dir='ltr'><strong>ω.</strong></span> <span class='ocrx_word' id='word_1_241' title='bbox 808 4069 856 4123; x_wconf 81' lang='grc'>79.</span> <span class='ocrx_word' id='word_1_242' title='bbox 874 4070 959 4126; x_wconf 82' lang='lat' dir='ltr'>etiam</span> <span class='ocrx_word' id='word_1_243' title='bbox 980 4074 1014 4128; x_wconf 92' lang='lat' dir='ltr'>P.</span> <span class='ocrx_word' id='word_1_244' title='bbox 1117 4090 1213 4151; x_wconf 89' lang='lat' dir='ltr'>paene</span> <span class='ocrx_word' id='word_1_245' title='bbox 1234 4091 1273 4131; x_wconf 85' lang='lat' dir='ltr'>w:</span> 
     </span>
     <span class='ocr_line' id='line_1_35' title="bbox 159 4143 1248 4290; baseline 0.001 -83"><span class='ocrx_word' id='word_1_246' title='bbox 159 4167 235 4290; x_wconf 57' lang='grc' dir='ltr'>ἔδαε</span> <span class='ocrx_word' id='word_1_247' title='bbox 256 4149 411 4283; x_wconf 69' lang='lat' dir='ltr'>PS‚bpane</span> <span class='ocrx_word' id='word_1_248' title='bbox 431 4164 459 4224; x_wconf 81' lang='lat'>9.</span> <span class='ocrx_word' id='word_1_249' title='bbox 565 4143 811 4225; x_wconf 56' lang='lat' dir='ltr'>meratenam</span> <span class='ocrx_word' id='word_1_250' title='bbox 820 4144 947 4223; x_wconf 77' lang='lat' dir='ltr'>Pirrzper</span> <span class='ocrx_word' id='word_1_251' title='bbox 960 4144 1248 4228; x_wconf 81' lang='lat' dir='ltr'>deuss.apur.p.11.</span> 
     </span>
     <span class='ocr_line' id='line_1_36' title="bbox 197 4235 404 4293; baseline -0.029 -6"><span class='ocrx_word' id='word_1_252' title='bbox 197 4243 312 4287; x_wconf 53' lang='lat' dir='ltr'>derue</span> <span class='ocrx_word' id='word_1_253' title='bbox 333 4235 355 4284; x_wconf 86' lang='lat' dir='ltr'>rt</span> <span class='ocrx_word' id='word_1_254' title='bbox 375 4239 404 4293; x_wconf 90' lang='grc' dir='ltr'><strong>ς.</strong></span> 
     </span>
    </p>
   </div>
   <div class='ocr_carea' id='block_1_5' title="bbox 0 0 1525 4859">
    <p class='ocr_par' dir='ltr' id='par_1_11' title="bbox 0 0 1525 4859">
     <span class='ocr_line' id='line_1_37' title="bbox 0 0 1525 4859; baseline 0 0"><span class='ocrx_word' id='word_1_255' title='bbox 0 0 1525 4859; x_wconf 95' lang='lat' dir='ltr'> </span> 
     </span>
    </p>
   </div>
  </div>
 </body>
</html>
