3025 4859
291 331 367 408 302
677 345 837 401 sououra
855 348 1016 404 vernas.

291 516 477 609 pugnaturis
500 515 626 584 mordet
648 539 666 584 a
689 516 843 586 saucibus.
866 517 933 599 alii,
961 541 1026 610 qua
1048 515 1122 610 galli
1146 523 1276 583 utuntur
1296 516 1329 581 ia
1351 538 1402 582 sa-

290 629 360 708 cris,
383 629 415 694 in
437 627 567 694 modum
590 628 700 720 organi
715 629 874 720 utrimque
890 627 1149 696 decrescentibus
1170 625 1302 718 uirgulis
1325 649 1400 717 pur·

288 740 395 831 pureis
420 741 505 825 (nam
528 740 646 806 lortuiti
669 745 756 826 sunt)
786 739 885 807 ueluti
908 737 1116 807 indicantibus
1138 745 1262 828 partem
1285 759 1400 826 corpo·
1510 805 1511 834 p

287 851 331 916 ris
353 871 424 916 esse
451 848 685 941 amputandam.
722 850 753 916 id
785 851 879 918 studii
906 849 1066 918 habebant
1091 849 1146 939 qui
1168 871 1299 914 inumera
1323 851 1399 913 cde-

261 960 377 1040 abant,
405 969 441 1027 ut
470 968 629 1026 extremas
657 968 764 1050 partes
792 964 917 1029 tunicae
941 963 982 1029 ad
1008 968 1119 1054 guttur
1141 965 1307 1042 ornarent,
1335 981 1399 1048 quo

287 1073 404 1139 lamam
426 1071 586 1139 haberent.

371 1185 604 1251 208.0a1.cn0.
627 1181 721 1272 pileo,
746 1207 842 1274 quem
864 1182 982 1251 habent
1002 1183 1129 1250 retiarii.
1199 1180 1328 1273 galerus
1350 1189 1401 1246 est

286 1317 398 1362 umero
420 1293 575 1384 inpositus
598 1291 789 1383 gladiatoris.
898 1295 1039 1383 [serarJ.
1069 1292 1249 1359 huiusmodi
1272 1289 1397 1381 aliquid,

286 1427 349 1498 quo
373 1405 464 1472 citius
487 1425 632 1496 sparsum
655 1404 764 1470 lunens
785 1405 839 1472 uel
860 1406 1009 1473 iactatam
1031 1407 1143 1470 retiam
1166 1400 1303 1493 colligat.

246 1541 273 1583 ru
369 1515 442 1580 212.
474 1537 634 1581 nunninus
659 1535 703 1580 vr
724 1539 869 1584 nvsrrsr
898 1515 1092 1606 [Ssuucaul.
1123 1511 1305 1608 ignobilem,
1339 1512 1397 1578 sed
1510 1617 1511 1620 Ἴ

283 1630 387 1694 uirum
410 1625 539 1693 bonum.

367 1737 440 1804 213.
464 1761 556 1804 cvivs
580 1762 605 1803 s.
628 1736 690 1805 hoc
711 1737 794 1819 ideo,
817 1739 891 1829 quia
913 1737 1074 1829 parricidis
1096 1738 1127 1805 in
1150 1735 1254 1804 culleo
1278 1734 1396 1802 clausis
1509 1825 1511 1834 γ

177 1833 181 1842 ’
282 1850 322 1916 ad
345 1827 491 1940 poenam⁸
505 1849 593 1914 simia
617 1857 649 1915 et
671 1857 836 1939 serpentes
858 1849 944 1939 iungi
966 1848 1121 1915 solebant.
1144 1871 1163 1913 a
1184 1845 1316 1913 Nerone
1339 1869 1397 1912 au·
1509 1857 1511 1934 t

283 1969 348 2026 tem
370 1966 472 2024 mater
494 1959 600 2024 occisa
629 1966 737 2024 estet
764 1960 860 2024 amita
886 1968 917 2024 et
945 1981 1027 2025 uxor
1054 1968 1087 2025 ct
1116 1959 1254 2026 Antonia
1278 1956 1395 2025 Claudi
1510 1977 1511 2018 1

244 2079 268 2118 ¹⁵
282 2069 352 2151 filia,
376 2089 458 2160 quae
481 2065 525 2132 illi
544 2090 601 2158 pro
625 2066 736 2135 harum
760 2078 863 2137 morte
883 2067 1004 2136 nubere
1026 2069 1136 2136 noluit.

366 2181 441 2246 215.
474 2201 542 2244 ssu.
578 2181 718 2269 apertius
741 2180 833 2260 dixit,
856 2181 930 2270 quia
952 2187 984 2247 et
1004 2189 1140 2247 matrem
1163 2183 1220 2267 (et)
1244 2180 1397 2247 occiderit
1510 2241 1511 2246 ,

280 2301 313 2360 et
344 2313 479 2359 uxorem
507 2287 690 2371 Octauiam,
723 2291 922 2381 eandemque
952 2312 1097 2358 sororem
1123 2292 1327 2382 adoptiuam‚
1360 2301 1395 2357 et

279 2401 497 2470 Britannicum
519 2401 648 2468 fratrem
671 2402 857 2493 adoptiuum
878 2400 977 2468 lilium
1000 2400 1116 2469 Claudi
1136 2404 1317 2493 peremerit.

362 2513 435 2579 216.
468 2535 669 2580 avoroumvs
692 2535 811 2580 varon.
849 2510 991 2594 Orestes,
1028 2514 1102 2605 quia
1123 2521 1157 2581 et
1178 2512 1232 2580 ille
1253 2516 1392 2581 matrem

238 2633 266 2672 ²⁰
279 2623 403 2704 occidit,
425 2632 461 2690 ut
482 2632 605 2715 patrem
627 2623 820 2691 detenderet.

363 2735 436 2800 218.
458 2757 525 2802 avr
546 2734 723 2802 Ssanraur.
751 2733 894 2801 Helenae
916 2734 970 2802 uel
990 2733 1192 2802 Hermionae.

359 2844 432 2910 220.
456 2843 616 2914 Ouusrss.
641 2847 726 2937 quod
748 2843 835 2913 Nero
857 2844 979 2912 scilicet
999 2846 1086 2912 iecit

359 2956 433 3022 221.
470 2955 596 3024 Tuoma
619 2980 649 3024 u.
685 2955 748 3022 hoc
775 2956 863 3037 ideo,
898 2958 970 3047 quia
998 2954 1087 3023 Nero
1115 2954 1262 3022 Troados
1289 2955 1392 3024 libros

277 3067 410 3156 scripsit.
434 3065 516 3134 unde
539 3077 572 3134 et
595 3067 733 3134 maxime
755 3067 911 3149 insaniuit,
935 3069 1007 3158 quia
1030 3075 1124 3159 pocta
1147 3067 1213 3133 tuit
1274 3066 1392 3137 Vmor·

235 3197 262 3237 aa
277 3199 349 3244 urvs
370 3201 400 3245 a.
422 3199 505 3245 unus
528 3177 567 3245 de
591 3179 770 3261 coniuratis,
792 3180 845 3271 qui
867 3175 1031 3246 Neronem
1054 3179 1248 3247 occiderunt.

271 3510 300 3564 2.
321 3499 393 3564 ‘oea
415 3501 634 3567 deserentibus'.
654 3527 684 3586 p.
705 3525 741 3566 cs
760 3512 787 3566 P
805 3507 878 3565 aaa
897 3504 1066 3564 adnotatum
1086 3513 1138 3563 est.
1246 3508 1389 3584 uirguleis
1509 3555 1511 3584 p

271 3585 329 3641 ΡΒ.
341 3603 416 3643 corr.
429 3603 458 3662 p.
519 3591 546 3644 3.
563 3605 618 3644 nee
638 3605 691 3644 eale
711 3586 848 3642 fortuitae
869 3594 936 3642 sunt
956 3584 1034 3642 uelut
1045 3584 1206 3641 iudicantes
1218 3586 1260 3641 sic
1271 3597 1387 3661 partera
1510 3605 1511 3608 ’

272 3661 302 3718 (l.
324 3662 426 3718 Bortlr.
553 3663 581 3720 4.
604 3662 780 3742 amputanda
801 3665 858 3720 ΡΒ.
870 3679 943 3720 corr.
955 3681 983 3737 p.
1072 3661 1115 3717 bis
1137 3661 1216 3718 dubii
1236 3665 1385 3722 PS.oorr.

273 3739 302 3794 G.
321 3738 422 3796 Bortlt.
448 3741 476 3798 id
499 3742 585 3798 munii
607 3745 743 3799 Eroautu.
840 3745 870 3799 7.
891 3739 951 3817 pilo
978 3741 1035 3796 PS.
1057 3755 1132 3795 corr.
1153 3743 1282 3812 Itutpers
1300 3759 1386 3798 uarr.

269 3813 343 3872 lectt.
365 3820 383 3874 I
388 3857 397 3888 ‚
420 3822 465 3877 16.
584 3823 611 3878 Β.
635 3835 726 3876 sarna
746 3817 813 3876 odd.
838 3819 899 3875 Oct.
923 3819 1075 3874 Ferrarius
1096 3813 1188 3874 cleott.
1209 3821 1261 3884 II,
1282 3823 1328 3876 16.

268 3899 296 3952 9.
323 3893 457 3952 iactatum
484 3895 584 3954 retiurn
622 3898 651 3954 G.
675 3895 778 3952 Itortb.
805 3895 892 3951 odim.
918 3898 1041 3966 LVIII,
1067 3897 1096 3950 ti.
1245 3896 1291 3952 14.
1321 3898 1386 3952 Aa·

267 3971 328 4026 toni
351 3969 456 4029 Claudi
478 3973 526 4029 illa
557 3976 614 4030 ΡΒ.
636 3991 710 4031 corr.
728 3968 961 4043 Saltartzlletscb.
991 3971 1030 4043 cf.
1053 3975 1121 4029 'I'oa
1143 3989 1213 4028 aaa.
1233 3976 1310 4040 XV,
1329 3977 1386 4030 53.

268 4051 314 4104 15.
335 4057 403 4122 post
422 4049 521 4107 barum
543 4061 663 4108 mortem
683 4069 711 4126 p.
777 4054 825 4108 lb.
845 4049 991 4105 occideret
1010 4052 1043 4106 Β.
1108 4053 1156 4107 18.
1176 4051 1299 4127 peremit
1320 4053 1386 4107 ΡΒ.

267 4129 313 4182 19.
333 4123 439 4186 Oreste
460 4130 517 4186 ΡΒ.
577 4135 626 4187 20.
648 4129 700 4187 sed
722 4137 751 4184 ut
772 4136 883 4206 patrem
905 4126 1093 4186 ulcisceretur
1112 4137 1142 4184 et
1162 4125 1337 4185 detenderet
1350 4147 1384 4204 ρ.

266 4203 314 4258 24.
337 4202 481 4262 insaniunt
502 4207 560 4264 ΡΒ.
577 4225 651 4266 sorr.
666 4225 695 4283 p.
793 4203 932 4279 Virgilius
952 4205 985 4261 S·
