3025 4859
577 408 722 465 sartha
739 407 799 462 Vll.

219 579 341 670 Accipe
363 599 448 646 nunc
470 585 564 644 artes.
594 599 635 644 ne
657 574 734 667 quid
757 573 812 641 tibi
836 570 978 640 conferat
999 571 1072 654 iste,

136 712 231 781 quem
253 688 331 757 colis
354 698 387 756 et
408 687 571 756 Musarum
594 695 626 754 et
646 685 802 778 Apollinis
825 683 904 751 aede
926 681 1051 764 relicta,

134 801 202 892 ipse
223 799 299 868 lacit
321 823 432 867 uersus
454 807 550 890 atque
571 800 626 865 uni
647 797 731 865 cedit
751 795 895 862 Homero

134 920 264 1002 propter
284 909 371 978 mille
392 932 507 990 annos,
530 917 577 990 et,
599 910 626 974 si
648 906 815 974 dulcedine
837 906 941 971 lamae

134 1043 306 1088 succensus
328 1021 456 1101 recites,
477 1017 658 1086 maculosas
680 1015 864 1085 commodat
885 1015 991 1083 aedes.

134 1130 213 1198 haec
234 1130 329 1223 longe
351 1131 466 1196 ferrata
488 1129 602 1195 domus
625 1127 744 1194 seruire
766 1123 906 1206 iubetur,

13 1238 14 1241 '
133 1243 165 1309 in
187 1265 250 1335 qua
270 1240 422 1308 sollicitas
443 1240 583 1306 imitatur
604 1240 697 1305 ianua
718 1245 837 1329 portas.

12 1416 13 1459 ;
134 1353 194 1420 scit
215 1354 290 1420 dare
312 1349 441 1418 libertos
464 1358 606 1417 extrema
628 1350 659 1416 in
680 1356 771 1440 parte
794 1347 932 1414 sedentis

12 1462 15 1478 '
134 1462 250 1529 ordinis
272 1470 304 1529 et
327 1483 459 1553 magnas
482 1462 635 1528 comitum
658 1460 826 1551 disponere
848 1480 956 1524 uoces.

132 1595 227 1641 nemo
250 1571 335 1640 dabit
356 1595 484 1664 regum,
506 1573 614 1662 quanti
634 1568 784 1637 subsellia
807 1576 952 1637 constant

134 1691 167 1750 et
188 1705 271 1775 quae
293 1682 451 1750 conducto
474 1681 615 1774 pendent
636 1679 808 1762 anabathra
829 1677 930 1770 tigillo

134 1817 280 1886 quaeque
301 1790 500 1884 reportandis
522 1793 624 1884 posita
648 1800 697 1858 est
719 1790 882 1859 orchestra
906 1785 1071 1856 'cathedris

12 1936 13 1943 ¹
131 1928 191 1973 nos
212 1915 320 1972 tamen
340 1903 404 1972 hoc
425 1905 548 1995 agimus
570 1902 737 1992 tenuisque
760 1902 791 1967 in
814 1899 945 1992 puluere
968 1899 1075 1970 sulcos

131 2016 277 2084 ducimus
300 2023 333 2082 et
354 2013 428 2081 litus
450 2011 548 2080 sterili
567 2033 733 2078 uersamus
755 2019 869 2076 aratro.

130 2149 205 2194 nam
227 2128 254 2192 si
275 2124 434 2204 discedas,
456 2122 572 2214 laqueo
594 2129 682 2188 tenet
703 2120 906 2188 ambitiosum

132 2235 343 2325 [consuetudo
365 2233 455 2316 mali,
479 2241 567 2300 tenet
586 2231 760 2300 insanabile
784 2231 913 2320 multos]

130 2346 289 2415 scribendi
310 2343 482 2414 cacoethes
504 2352 536 2411 et
557 2365 654 2435 aegro
675 2343 707 2408 in
730 2342 827 2410 corde
849 2344 1023 2472 senescit*
1107 2399 1123 2406 ..

131 2457 189 2525 sed
209 2464 318 2524 uatem
341 2456 519 2548 egregium,
543 2455 593 2522 cui
614 2474 680 2520 non
701 2453 742 2518 sit
762 2451 889 2544 publica
913 2477 1008 2538 uena,

132 2570 186 2660 qui
207 2565 284 2635 nihil
306 2567 488 2658 expositum
509 2563 612 2632 soleat
632 2562 806 2644 deducere,
828 2586 888 2631 nec
911 2567 965 2656 qui

130 2677 292 2745 communi
313 2677 404 2744 leriat-
426 2697 554 2746 carmen
576 2673 700 2741 triuiale
721 2681 865 2754 moneta,

129 2787 229 2870 hunc,
253 2787 382 2879 qualem
401 2809 527 2878 nequeo
549 2793 726 2852 monstrare
748 2791 781 2850 et
803 2787 904 2852 sentio
927 2795 1064 2872 tanturn,

131 2901 289 2966 anxietate
308 2920 419 2965 carens
442 2898 565 2964 animus
587 2897 675 2978 lacit,
699 2896 802 2962 omnis
824 2896 930 2963 acerbi

130 3009 300 3102 inpatiens,
322 3008 456 3101 cupidus
478 3005 630 3075 siluarum
653 3006 829 3100 auidusque
850 3004 994 3077 bibendis

131 3241 177 3296 36.
198 3247 267 3295 tunc
286 3253 312 3305 ς.
395 3243 461 3313 post
482 3243 559 3295 artes
578 3238 762 3314 interpunxit
783 3235 907 3312 Modutp
923 3257 986 3314 opp.
1000 3245 1036 3299 11
1050 3261 1078 3316 p.
1092 3246 1156 3302 176.

131 3319 178 3375 38.
200 3317 264 3394 ipre
283 3319 352 3373 Pro:
372 3315 454 3392 ipsae
474 3333 503 3391 p.
607 3317 656 3374 39.
677 3325 706 3372 et
726 3317 784 3380 Ρςε
810 3323 839 3370 at
859 3313 941 3388 bryc,
963 3327 1012 3373 aut
1032 3318 1114 3392 adse,
1136 3321 1189 3378 sed
1209 3338 1236 3392 ς,

183 3391 231 3459 λς.
308 3391 385 3451 lame
404 3395 440 3449 P.
524 3387 572 3448 40.
593 3389 754 3448 maculosas
774 3389 910 3448 tranacta
925 3410 1024 3451 contar.
1038 3400 1057 3454 1
1067 3416 1095 3474 p.
1106 3401 1144 3454 22
1157 3417 1237 3476 app:

128 3461 139 3487 ‘
172 3512 179 3527 ,
221 3469 241 3526 ii
255 3469 388 3527 sordibus
400 3468 458 3525 dix.
470 3467 519 3524 alii
532 3460 638 3546 pictas'
649 3466 751 3535 schot,
773 3468 935 3526 maculosos
950 3468 974 3543 f,
994 3471 1154 3532 Meculonio
1164 3479 1236 3552 1³95,

130 3544 197 3604 blac
270 3566 303 3604 us
323 3565 358 3604 ω.
435 3545 484 3602 41.
503 3544 578 3602 haec
597 3542 663 3618 spe:
681 3544 749 3601 haro
763 3547 797 3611 P,
818 3563 853 3602 ac
873 3563 908 3602 ω.
986 3547 1234 3612 feriataF.W.E.

130 3626 240 3682 Rustic
324 3641 384 3698 opr.
395 3623 478 3698 Lips.
492 3623 567 3680 1805
577 3639 606 3697 p.
618 3623 661 3695 5).
757 3621 806 3679 45.
828 3624 941 3698 quantia
962 3627 1089 3685 subsella
1108 3633 1143 3687 P.

131 3709 265 3758 constant
357 3697 436 3773 plear:
460 3707 573 3756 constat
591 3701 627 3767 P,
647 3706 779 3755 constent
799 3715 825 3764 ς.
946 3704 994 3759 46.
1017 3706 1175 3766 anabathra
1195 3727 1236 3767 ur:

130 3780 262 3835 anabrtra
281 3781 316 3847 P,
336 3795 352 3833 a
392 3778 474 3832 barra
492 3791 545 3853 pg,
566 3775 724 3832 anabetlrra
747 3774 883 3833 Volscius
897 3777 1043 3838 Valerius.
1062 3801 1091 3859 p.
1103 3788 1169 3843 208.

128 3855 176 3911 te.
196 3856 380 3931 tenuisques
414 3856 421 3868 '
441 3855 481 3910 ai:
502 3847 592 3909 tenui.
615 3871 651 3909 ue
665 3854 701 3920 P,
721 3853 858 3928 tenuique
870 3872 904 3909 ω.
986 3859 1033 3915 50.
1056 3861 1235 3922 ambitiosum

128 3933 247 4007 aortpot:
268 3931 364 3988 ambiti
400 3930 408 3985 i
474 3947 514 3998 ω,
535 3870 613 4005 quod
626 3929 945 3988 ocomectoretllatum
956 3941 1008 4003 est,
1025 3943 1176 4013 postquam
1187 3944 1234 4010 51,

130 4009 373 4086 qumrpurtum’
417 4009 468 4081 'o,
499 4004 661 4063 ddituaeot.
720 4009 768 4065 52.
781 4004 933 4066 chacoetes
945 4013 1003 4081 ΡΒ,
1016 4011 1168 4073 chaclretes
1177 4032 1226 4093 pq.

131 4101 318 4163 aegroqueg.
379 4085 636 4160 aegreGroeuiur.
695 4085 743 4142 53.
762 4084 926 4159 aegregium
937 4090 995 4146 ΡΒ.
1066 4092 1114 4149 55.
1133 4093 1234 4166 trinia-

131 4160 215 4220 leaP.
279 4167 316 4222 56
327 4163 843 4235 Ρνίεοίαπ.Χ1’ΠΙ,29,291ρ.1207.
897 4165 943 4222 58.
956 4165 1161 4244 inpatiensSp:
1180 4171 1234 4227 im·
1357 4233 1361 4248 Ι

128 4238 301 4316 paciensl’f.
360 4238 791 4316 auidosques=aptosque1³o.
847 4239 979 4300 bibendis
990 4245 1233 4320 purniuendisP.
