3025 4859
565 374 711 433 sununs
728 376 801 431 vm.
1158 360 1235 437 305

132 540 251 625 Latino,
275 541 354 609 alter
375 538 459 609 bebo
483 538 617 613 Gallico.
637 565 712 613 nam
734 554 920 636 pateream
942 552 1028 611 cssel
1050 540 1174 635 collega
1195 540 1234 610 T.

130 653 235 725 Manlii
264 652 433 743 Torquati,
468 661 637 745 essentque
667 654 790 721 somnio
818 654 984 735 admoniti,
1013 661 1235 744 campartem

130 768 290 835 uictricem
311 765 394 843 lore,
426 763 516 831 corius
538 764 604 831 dux
625 764 657 831 in
680 763 802 855 proelio
824 764 990 846 ceciderit,
1018 775 1087 832 tum
1111 762 1235 832 Decius

129 874 299 945 calcaribus
322 894 405 965 equo
427 874 556 941 incitato
579 876 611 941 iu
633 874 756 942 medios
779 874 888 942 hosles
909 876 1005 942 inruit
1023 873 1132 965 ibique
1153 896 1236 965 pug-

128 1008 204 1057 nans
225 984 410 1053 interiectus
432 991 489 1051 cel.
516 984 605 1051 euius
627 1005 701 1050 cum
725 1008 842 1077 corpus
865 983 979 1051 milites
1001 983 1135 1051 liberare
1156 1006 1234 1051 con·
1260 1012 1273 1052 s

129 1098 306 1175 lenderent,
340 1115 414 1161 eum
441 1092 534 1184 plena
563 1100 636 1159 sunl
664 1097 785 1161 reuersi
811 1094 954 1162 uictoria.
992 1092 1055 1161 hoc
1085 1092 1234 1185 exemplo

128 1208 223 1299 palris
252 1227 310 1299 pro
341 1200 426 1269 bello
448 1202 621 1271 Samnitico
646 1210 678 1269 et
699 1202 823 1285 Tusco,
851 1203 935 1272 bello
957 1203 1081 1272 Gallico
1110 1200 1150 1270 ab
1176 1202 1237 1269 ho·

127 1317 224 1386 slibus
254 1326 304 1385 est
330 1312 410 1381 lilius
438 1312 654 1405 interemptus.
689 1313 729 1381 de
757 1312 871 1405 quibus
899 1322 932 1381 el
959 1311 1110 1405 Virgilius
1137 1314 1237 1402 [Aen.

129 1423 178 1509 Vl,
200 1426 294 1515 8251:
313 1418 402 1516 ‘quin
423 1423 545 1492 Decios
566 1420 767 1515 Brutusque?

207 1537 283 1604 266.
312 1556 441 1603 usurus.
474 1558 558 1603 avae
580 1532 715 1603 Limus.
752 1534 785 1601 id
807 1543 865 1615 est,
888 1556 946 1626 pro
969 1532 1072 1601 salute
1094 1536 1276 1603 omniumro

126 1647 165 1714 ad
187 1655 324 1716 mortem
347 1670 381 1713 se
404 1644 595 1737 opluuenml

209 1758 283 1824 258.
313 1779 428 1825 envms
451 1780 480 1824 n.
504 1780 535 1823 n.
564 1755 636 1849 plus
659 1758 763 1823 meriti
784 1754 903 1823 habent
924 1753 1019 1823 Decii
1039 1756 1125 1847 apud
1147 1756 1236 1838 deos,

127 1868 203 1937 dum
223 1868 257 1936 hi
278 1891 314 1935 sc
335 1888 394 1960 pro
417 1869 517 1958 patris
539 1876 707 1949 uouerunt,
729 1888 826 1957 quam
840 1863 937 1933 habel
950 1866 1019 1956 ipsa
1034 1868 1133 1957 patrio
1148 1870 1234 1959 apud

124 1976 199 2049 deos
221 1978 335 2060 meriti,
357 1999 439 2068 quae
460 1988 583 2047 seruata
607 1987 664 2047 est.

208 2089 282 2155 259.
303 2111 440 2157 nocuus
461 2112 573 2157 nsrvs.
597 2087 718 2157 Ocrisia
741 2087 953 2157 Corniculana
974 2090 1110 2181 captiua.
1245 2112 1271 2151 1⁶

211 2200 286 2266 260.
310 2200 497 2289 [sononvuJ.
520 2222 595 2267 nam
617 2202 741 2266 lucrant
764 2221 858 2291 reges
880 2208 992 2290 postea
1015 2201 1153 2292 superbi.

128 2306 263 2378 Seruius
285 2307 410 2379 Tullius
432 2320 542 2379 sextus
565 2306 753 2391 allomulo;
776 2329 850 2375 narn
871 2312 1026 2401 septimus
1048 2310 1240 2403 Tarquinius

126 2420 185 2489 luis
206 2421 374 2513 superbus.
1252 2418 1261 2441 ⁴

211 2532 287 2599 262
324 2554 483 2601 axvnrsvs
505 2557 525 2600 r.
549 2558 580 2601 v.
603 2556 623 2599 r.
647 2556 676 2599 c.
713 2530 813 2621 ipsius
834 2529 927 2598 Bruti
947 2528 1011 2613 lilii,
1033 2533 1087 2623 qui
1108 2554 1128 2599 a
1149 2542 1240 2625 palte

128 2643 233 2711 securi
256 2644 398 2735 percussi
420 2652 511 2724 sunl,
543 2651 652 2737 portas
675 2640 873 2733 aperiebant,
903 2649 940 2708 ul
967 2638 1159 2733 Tarquinius
1185 2668 1239 2713 su·
1252 2663 1280 2704 ²0

126 2750 247 2846 perbus
269 2752 407 2822 intraret.

212 2863 289 2931 264.
310 2862 462 2933 Horatius
485 2861 603 2933 Cocles
626 2885 700 2932 cum
722 2866 825 2932 lessus
846 2860 962 2929 milites
984 2883 1059 2929 suos
1082 2860 1122 2929 ab
1145 2860 1241 2931 Etru-

128 2972 191 3042 scis
212 2974 354 3057 uideret,
381 2984 510 3067 pontem
533 2972 710 3041 Sublicium
733 2973 866 3043 subduci
896 2974 1001 3053 iussit,
1030 2994 1072 3041 ne
1097 2974 1242 3065 prolinus

128 3082 239 3153 hostes
262 3085 302 3154 ad
325 3085 436 3153 urbem
458 3088 549 3168 irent,
572 3094 605 3153 el
624 3086 693 3178 ipse
716 3084 804 3153 solus
825 3084 950 3152 iuterim
971 3085 1146 3152 exercitum
1161 3082 1241 3152 Por-

128 3217 250 3264 sennae
278 3196 439 3279 sustinuit,
473 3196 586 3266 dehinc
621 3206 764 3264 armatus
791 3193 933 3264 Tiberim
966 3197 1176 3265 transnatauis
1202 3196 1281 3266 ada

129 3327 215 3375 suos.

216 3417 292 3483 266.
319 3440 443 3486 rurnarr
465 3440 493 3484 r.
517 3442 547 3486 r.
570 3442 599 3485 n.
622 3442 654 3485 v.
683 3416 806 3486 Cloelia
828 3416 930 3507 uirgo.
952 3411 1033 3481 haec
1054 3414 1137 3481 inber
1159 3414 1243 3483 obsi-

130 3525 188 3594 des
210 3526 285 3595 dala
299 3527 482 3598 Porsennae
505 3526 700 3611 allomanls,
721 3525 873 3593 simulans
894 3525 957 3592 ritu
979 3524 1080 3615 patrio
1102 3522 1186 3591 uelle
1209 3546 1244 3592 se

131 3635 250 3729 inripa
265 3634 390 3707 Tiberis
413 3662 487 3709 cum
510 3642 624 3709 celeris
647 3635 821 3731 uirginibus
844 3656 934 3701 sacra
956 3634 1070 3713 lacere,
1092 3632 1247 3727 ablegatis

131 3831 159 3885 1.
174 3826 260 3885 Lucil
271 3830 328 3887 ΡΒ.
338 3846 440 3888 eorm.
507 3834 535 3887 2.
549 3830 661 3888 lllanilll
675 3830 950 3900 rusucurium
961 3823 1121 3883 uernloon.
1131 3828 1184 3898 Vl,
1198 3830 1244 3883 18.

129 3907 159 3961 7.
182 3914 251 3983 post
269 3924 294 3963 s.
364 3908 411 3965 uel
432 3906 547 3963 Gallico
567 3926 592 3965 s.
661 3914 689 3967 9.
710 3906 879 3980 Drusosque
904 3900 1050 3975 Vergilius.
1124 3900 1243 3957 12116-

131 3982 237 4039 benrur
263 3986 321 4041 ΡΒ.
342 4001 417 4042 corr.
439 4001 465 4040 o.
499 3984 611 4042 sobollo
636 3991 663 4041 cl
694 3982 833 4041 lemmata
856 3997 884 4036 u.
911 3980 1155 4036 2662116269.
1176 3980 1243 4035 260.

130 4074 191 4115 saon
212 4076 266 4115 suo
288 4059 386 4117 ordine
404 4062 501 4137 noello
520 4068 590 4119 ssent
608 4062 642 4117 lu
661 4064 720 4119 ΡΒ.
789 4063 835 4117 lb.
856 4054 1031 4113 Ocriculano
1050 4056 1110 4111 ΡΒ.
1131 4052 1245 4111 Ocrisla

133 4132 330 4194 Corniculana
341 4154 368 4195 o.
390 4138 584 4195 Corniculana
605 4140 753 4196 Mausolus
774 4139 840 4194 orit.
858 4128 965 4189 Araob.
986 4133 1019 4202 V,
1035 4134 1064 4189 7.
1122 4132 1170 4187 29.
1192 4131 1244 4187 ab·

132 4209 232 4287 ligatis
253 4215 312 4272 ΡΒ.
324 4232 399 4273 corr.
412 4234 442 4293 p.

958 4307 1004 4372 20
