3025 4859
616 408 763 462 sarran
780 408 839 462 xv.
1205 387 1278 461 165

169 601 251 671 quae
272 577 419 645 lacrimas
442 578 544 661 dedit3
566 578 647 647 haec
670 581 769 646 nostri
791 601 864 672 pars
888 577 1006 668 optima
1028 596 1150 642 sensus.

168 687 293 782 plorare
315 711 392 780 ergo
412 687 501 755 iubet
523 711 652 756 causam
676 690 808 756 dicentis
830 690 923 755 amici

169 797 414 891 squaloremque
437 801 490 879 rei,
513 797 667 889 pupillum
691 799 730 865 ad
751 801 819 866 iura
843 807 1012 866 uocantem
1145 805 1146 810 ’
1217 801 1277 858 135

170 911 487 999 circumscriptorem,
510 911 600 976 cuius
622 911 780 976 manantia
803 909 879 976 fletu

170 1041 225 1086 ora
248 1016 406 1108 puellares
430 1021 548 1086 faciunt
569 1022 688 1085 incerta
712 1016 825 1110 capilli.

168 1137 300 1196 naturae
321 1129 454 1220 imperio
478 1130 643 1220 gemimus,
667 1153 741 1196 cum
764 1131 858 1195 nnus
881 1129 1007 1196 adultae

167 1240 297 1332 uirginis
320 1240 457 1306 occurrit
478 1238 532 1304 uel
555 1247 638 1306 terra
660 1237 819 1306 clauditur·
840 1241 942 1306 inlans

170 1360 203 1418 et
224 1353 328 1418 minor
349 1351 423 1441 igne
445 1351 523 1441 rogi.
557 1351 627 1439 quis
651 1351 734 1415 enim
756 1349 860 1416 bonus
883 1360 915 1416 et
937 1351 1006 1417 lace
1030 1351 1143 1442 dignus
1215 1357 1276 1414 140

170 1483 294 1542 arcana,
317 1459 444 1551 qualem
467 1459 594 1526 Cereris
617 1458 685 1526 uult
708 1482 779 1526 esse
802 1461 961 1539 sacerdos,

168 1570 232 1638 ulla
256 1571 357 1638 aliena
380 1567 438 1635 sibi
459 1571 559 1637 credit
581 1568 687 1637 mala?
709 1579 836 1662 separat
857 1570 919 1637 hoc
941 1593 1000 1637 nos

168 1705 187 1749 a
209 1706 308 1774 grege
330 1689 501 1760 mutorum,
524 1681 626 1771 adque
648 1682 720 1748 ideo
744 1680 924 1748 uenerabile
948 1681 1007 1748 soli

167 1793 269 1859 sortiti
289 1793 451 1884 ingenium
473 1791 716 1882 diuinorumque
739 1813 873 1882 capaces

166 1903 271 1994 adque
294 1900 480 1968 exercendis
501 1901 726 1991 capiendisque
748 1901 867 1969 artibus
890 1902 956 1992 apti
1216 1909 1275 1968 145

167 2036 297 2079 sensum
319 2034 336 2077 a
359 2010 489 2078 caelesti
512 2011 685 2079 demissum
708 2015 861 2093 traximus
885 2035 967 2091 arce,

167 2125 259 2191 cuius
281 2131 375 2214 egent
397 2144 497 2213 prona
519 2122 550 2188 e'l
572 2132 690 2190 terram
712 2125 895 2215 spectantia.
931 2124 1038 2190 mnndi
1154 2163 1156 2171 ·

166 2233 320 2326 principio
342 2231 471 2297 indulsit
493 2235 670 2299 communis
693 2235 837 2300 conditor
858 2231 918 2300 illis

168 2352 291 2411 tantum
314 2343 443 2422 animas,
466 2339 557 2408 nobis
579 2346 719 2410 animum
742 2366 879 2435 quoque,
903 2353 1032 2412 mutuus
1055 2353 1088 2412 ut
1111 2366 1170 2411 nos

168 2454 312 2521 adlectus
335 2461 444 2544 petere
467 2451 621 2519 auxilium
644 2462 676 2519 et
696 2462 859 2545 praestare
881 2453 1015 2535 iuberet,
1215 2467 1276 2521 151)

168 2565 328 2654 dispersos
348 2560 475 2628 trahere
496 2563 528 2628 in
549 2561 713 2654 populum,
735 2563 873 2655 migrare
895 2572 1021 2631 uetusto

167 2674 209 2741 de
231 2695 361 2739 nemore
384 2680 416 2738 et
437 2673 564 2763 proauis
585 2671 740 2739 habitatas
764 2672 905 2764 linquere
927 2673 1033 2756 siluas,

168 2782 334 2851 aedificare
356 2782 478 2862 domos,
501 2780 636 2848 Laribus
658 2784 852 2874 coniungere
875 2785 990 2850 nostris

169 2900 291 2960 tectum
313 2889 407 2973 aliud,
430 2901 515 2959 tutos
539 2894 642 2960 uicino
665 2891 772 2959 limine
794 2916 924 2960 somnos

168 3012 206 3070 ut
228 3000 354 3068 conlata
376 3003 466 3069 daret
487 3001 609 3083 fiducia,
632 3011 801 3096 protegere
824 3005 919 3070 armis

167 3112 293 3205 lapsum
316 3121 370 3180 aut
391 3112 510 3204 ingenti
530 3120 694 3178 nutantem
717 3113 850 3182 uulnere
872 3117 986 3196 ciuem,

169 3473 373 3533 1341111111
394 3471 515 3529 dicentis
537 3475 603 3527 Pro:
628 3489 726 3528 casum
747 3471 871 3548 lugentis
892 3488 910 3540 ς
933 3474 1019 3531 cano
1038 3471 1194 3546 Wakefield
1209 3474 1278 3532 silu.

169 3553 393 3626 niclinrot.
495 3552 605 3624 135111.
626 3549 902 3626 circumscriptorem
923 3549 1063 3628 pupillum
1086 3550 1122 3606 ad
1143 3553 1204 3608 iura
1226 3571 1280 3608 uo-

170 3637 283 3685 cantem
304 3627 533 3701 Sqnaloremque
553 3627 596 3681 rei
616 3626 697 3681 cuim
719 3623 902 3697 Wakefieldl.
915 3627 933 3682 l.
1062 3631 1127 3686 136.
1148 3628 1245 3686 fletum
1267 3647 1281 3685 c

171 3703 233 3762 cod.
250 3707 395 3761 Vossiono
407 3705 445 3759 N.
456 3704 593 3760 Heinsius
603 3700 642 3758 od
655 3701 740 3760 Ouid.
751 3709 818 3760 oret.
834 3706 882 3770 Vl,
897 3708 962 3761 312.
1106 3709 1172 3764 138.
1194 3705 1278 3762 adul-

171 3791 218 3838 tae
236 3799 298 3856 psu:
318 3780 423 3837 adntae
444 3783 477 3836 P.
581 3783 646 3836 140.
667 3780 760 3835 minor
780 3780 845 3855 igne
866 3783 927 3858 rogi
947 3785 1088 3840 Priscian.
1103 3785 1280 3854 V11,13‚oo

170 3861 272 3934 puio.
373 3860 438 3915 142.
460 3855 551 3914 credit
570 3859 631 3923 Ρςε
652 3855 753 3913 credat
772 3874 826 3931 pro.
928 3863 981 3916 146
992 3878 1054 3935 sqq.
1075 3877 1208 3935 1111111111.
1227 3863 1280 3915 m-

170 3929 1148 4089 lltttllfl’ltellffttltu¹s¹¹¹¹'·²⁰{l²7{¹2;2;¹¹tl?..l?“
1164 3955 1279 4090 {llll

57 4121 65 4143 .
171 4087 260 4146 solsol.
274 4091 355 4164 Verq.
366 4087 444 4165 opud
456 4089 485 4145 G.
500 4085 650 4146 Bartlrtum
660 4085 748 4144 adsta.
763 4091 852 4148 XXX
857 4094 922 4159 Vll,
936 4095 963 4147 5.
1071 4095 1135 4149 149.
1157 4092 1279 4146 animam

172 4182 274 4241 puueq.
289 4169 404 4240 Bercnp.
508 4170 573 4222 150.
594 4174 726 4242 prestare
748 4169 806 4223 Ps.
926 4171 991 4226 152.
1013 4167 1143 4242 linquere
1163 4185 1223 4243 pro:
1244 4165 1279 4222 li-

174 4261 262 4318 quere
282 4246 317 4300 P.
420 4243 485 4301 154.
508 4241 603 4299 limine
623 4260 663 4299 so:
683 4241 772 4300 limite
793 4247 846 4311 Ρς.
