3025 4859
250 302 327 378 342
631 304 972 366 serroruvaruru.

340 484 412 551 129.
445 502 572 550 ruvuvs
595 500 627 548 ru
649 503 763 547 murro
785 502 814 555 u.
837 500 866 543 r.
901 483 937 543 ut
958 483 1017 557 eat,
1045 475 1154 565 inquii,
1177 472 1270 543 nobis
1290 472 1363 543 uilis

252 592 366 663 anulus
388 595 526 672 ferreus,
556 591 599 657 ita
632 588 692 655 illis
722 611 853 657 mensae
880 608 939 679 pes
966 594 1152 678 argenteus,
1183 587 1244 654 nisi
1269 586 1365 654 fuerit

252 700 380 771 elefanti
402 703 497 769 dente
515 700 689 790 conposita.

340 812 410 879 130.
434 834 495 879 srsr
519 831 693 878 courrusr
716 832 745 874 rr.
768 830 799 873 a.
826 808 860 876 id
880 815 939 889 esl,
961 806 1036 898 quia
1057 830 1111 875 me
1131 828 1174 873 ex
1195 827 1364 898 compara·

228 922 340 989 stione
362 921 544 999 contemnit,
566 940 631 985 nun
654 941 727 985 eum
749 918 858 985 inuito.

340 1032 410 1098 135.
432 1052 625 1099 rrucruvua.
649 1029 724 1119 quia
746 1050 839 1095 ossea
861 1036 935 1095 sunt
955 1025 1132 1097 manubria.

341 1141 411 1209 136.
435 1162 765 1209 sauuacsrrrvcroa.
789 1136 867 1226 [cui]
891 1138 983 1228 quasi
1004 1138 1157 1230 magistro
1179 1137 1365 1205 subiaceant

256 1250 371 1319 omnia.
800 1333 803 1338 ‚

346 1360 415 1428 137.
436 1380 594 1427 renovri.
618 1361 764 1451 coquina,
785 1360 818 1427 in
840 1380 905 1450 qua
924 1355 1079 1426 uoletaria
1100 1368 1271 1449 ponuntur.

217 1490 244 1531 ru
344 1470 414 1537 138.
436 1492 614 1539 erearuvs.
637 1494 801 1563 pygargus
820 1471 887 1537 fera
909 1470 1010 1536 estin
1032 1469 1141 1559 speeie
1164 1470 1259 1549 cerui,
1282 1492 1366 1560 quae

255 1582 404 1651 tetriores
431 1590 538 1671 partes
568 1578 655 1647 albas
683 1578 790 1652 habet.
823 1580 897 1649 idea
924 1586 958 1645 et
984 1579 1087 1646 dietus
1116 1586 1165 1645 est
1193 1602 1366 1672 pygargus,

256 1694 329 1783 quia
353 1690 477 1759 Graece
497 1699 588 1758 nates
615 1690 704 1780 πυγή
734 1690 894 1771 dicuutur,
929 1698 962 1756 et
982 1687 1092 1756 album
1114 1684 1227 1781 ἀργόν.
1312 1698 1367 1757 aut

258 1823 420 1893 pygargus
442 1803 510 1867 auis
532 1822 634 1892 genus
657 1798 841 1893 elagalupes
862 1798 1051 1891 appellatur.

347 1911 416 1976 139.
445 1934 487 1977 ur
510 1909 708 1979 Scrrrcuru.
731 1908 757 1977 F
759 1911 894 1990 asianus,
917 1904 988 1981 ἀπὸ
1010 1914 1070 2003 τῆς
1096 1908 1259 1991 Φάσιδος.

221 2046 246 2089 rs
259 2042 426 2089 corrruvs
442 2044 563 2089 ruerus.
586 2045 687 2114 genus
704 2022 781 2102 auis,
804 2043 887 2111 quae
909 2020 1006 2088 habet
1027 2044 1147 2111 pennas
1169 2021 1278 2089 colore
1299 2024 1368 2091 foe·

258 2132 351 2213 nicio,
372 2135 405 2199 in
428 2154 509 2224 aqua
531 2155 658 2223 semper
678 2140 735 2211 est,
759 2130 924 2199 abundans
938 2132 970 2199 in
982 2133 1098 2198 Africa.
1121 2130 1214 2199 huius
1228 2142 1369 2201 rostrum

259 2251 325 2309 tam
348 2241 505 2334 prolixum
528 2252 576 2309 est
598 2251 630 2311 et
652 2264 803 2322 curuum,
834 2252 870 2308 ut
896 2244 957 2311 nisi
977 2264 1084 2310 merso
1106 2244 1209 2335 capite
1231 2266 1316 2334 aqua
1335 2244 1368 2312 in

262 2376 298 2420 os
319 2353 418 2445 ipsius
439 2374 504 2421 non
525 2354 627 2443 possit
648 2354 774 2421 intrare.

348 2465 418 2530 140.
446 2486 489 2531 us
513 2460 671 2531 Gsrvavs
694 2486 747 2531 ou.
784 2485 866 2553 oryx
886 2460 1003 2530 animal
1025 2462 1129 2531 minus
1151 2485 1247 2554 quam
1269 2462 1371 2533 buba-

222 2571 321 2653 aolus,
353 2596 450 2665 quem
473 2571 575 2640 Mauri
595 2594 711 2641 uncam
734 2581 860 2653 uocant,
890 2573 982 2640 cuius
1004 2570 1097 2661 pellis
1117 2573 1157 2640 ad
1179 2576 1275 2641 uittas
1296 2598 1372 2667 pru·

260 2683 335 2764 ficii,
356 2692 446 2751 scuta
469 2682 653 2753 Maurorum
676 2684 809 2752 minora.

349 2796 419 2862 141.
443 2817 552 2862 usuri
575 2816 678 2863 cauus
700 2818 725 2861 s.
748 2818 779 2861 s.
802 2817 833 2861 a.
864 2793 938 2885 quia
959 2789 1131 2860 laneorum
1152 2798 1280 2865 codices
1302 2818 1374 2865 ma·

261 2906 349 2972 xime
371 2928 413 2972 ex
434 2905 529 2972 ulmis
551 2914 626 2971 sunt
647 2927 768 2973 omnes.

350 3014 418 3081 142.
442 3036 505 3083 ruso
527 3038 680 3084 rrvsrvrr
703 3038 733 3083 c.
755 3040 785 3085 r.
819 3014 881 3085 hoc
904 3024 962 3098 est,
986 3017 1072 3110 quod
1093 3016 1164 3087 uult
1185 3018 1302 3087 dicere.
1324 3018 1374 3087 in·

263 3308 291 3362 2.
312 3302 418 3360 mensis
438 3302 496 3361 ΡΒ.
508 3322 583 3363 carr.
598 3322 623 3361 a.
706 3302 736 3360 4.
758 3302 807 3378 qui
826 3304 885 3360 ΡΒ.
964 3307 993 3362 5.
1014 3322 1078 3361 eum
1097 3323 1154 3362 non
1175 3324 1200 3363 s.
1277 3308 1307 3364 7.
1327 3306 1375 3363 eui

264 3378 330 3438 add.
349 3400 377 3458 p.
463 3382 493 3439 9.
515 3383 667 3459 coquinam
689 3397 745 3456 qua
757 3382 817 3438 ΡΒ.
901 3382 947 3438 12.
968 3382 1036 3458 pige
1055 3383 1115 3440 ΡΒ.
1135 3378 1229 3459 nurui
1248 3385 1376 3458 uurpm

267 3460 374 3515 Vanus.
397 3458 474 3517 laeti.
496 3465 543 3516 22.
564 3478 591 3535 p.
603 3463 670 3517 370.
731 3460 833 3515 1213.
855 3467 933 3514 et·-
942 3458 1107 3536 appellatur
1126 3457 1166 3517 ad
1184 3478 1213 3517 u.
1235 3462 1291 3518 130
1311 3466 1377 3536 past

262 3526 326 3590 ‘tur'
348 3544 457 3609 parrum
478 3539 537 3593 ΡΒ.
602 3540 648 3593 12.
669 3544 698 3593 et
718 3533 813 3592 aluum
834 3536 1016 3610 argonauaim
1036 3538 1094 3594 ΡΒ.
1115 3546 1144 3594 et
1164 3536 1260 3594 album
1281 3528 1378 3613 ἀργόν

264 3610 476 3687 auisRutpars.
534 3617 580 3672 13.
623 3612 739 3688 ylargus
753 3613 811 3668 ΡΒ.
823 3628 896 3668 surr.
910 3614 1048 3687 Rutpers.
1107 3613 1377 3691 lagopusRutpm.

263 3630 624 3835 rasura-arui·
650 3686 1033 3824 1111111010
1046 3690 1212 3824 rur
1233 3689 1375 3825 aar·

264 3840 325 3896 sica
346 3802 415 3898 airas
435 3784 573 3901 {reunia
598 3808 605 3825 ι
627 3782 779 3910 Ἔξσιὸος
790 3782 1194 3911 1ηιιι·Ρίὲη(ϋαζσιδοςρῖἔοί101ι
1226 3808 1297 3901 enus
1312 3845 1376 3903 auia

265 3916 382 3973 allatum
404 3921 479 3994 Argo
500 3921 566 3977 naui
588 3916 817 3992 Seiranzfleieei.
840 3910 982 3986 Φάσιδος
996 3919 1108 3978 dieitur.
1129 3862 1377 3997 1115111311ςο

263 3994 332 4050 naui
347 3998 521 4053 Haauiaiua.
545 3992 686 4065 Φάσιδος
706 3996 811 4053 dicitur
830 4004 860 4052 et
878 3994 983 4051 allatus
1004 3998 1041 4053 ab
1062 3999 1137 4073 Argo
1157 3999 1225 4055 naui
1245 3996 1380 4055 Arbeia—

263 4076 316 4125 m.
339 4064 481 4140 Φάσιδος
501 4073 594 4131 dictus
615 4083 644 4132 et
664 4074 803 4131 aduectus
825 4077 900 4147 Arge
920 4074 1032 4130 nauis.
1089 4077 1136 4132 19.
1159 4093 1243 4151 quam
1254 4092 1310 4133 em.
1321 4077 1355 4133 Β.

265 4146 385 4204 buculus
405 4146 635 4224 Salaurtzlieiseir.
713 4154 762 4207 20.
783 4150 889 4206 cituras
909 4150 967 4207 ΡΒ.
989 4160 1083 4209 cerras
1102 4170 1132 4229 p.
