3025 4859
251 283 328 360 264
634 290 976 347 εοΗοιιΑνΕτΕιιΑ.

335 462 409 532 490.
430 482 588 530 menonis.
612 485 641 530 c.
658 455 819 554 ‘disponit’
843 482 903 551 pro
924 455 1088 549 componit
1109 455 1211 523 crines
1233 452 1309 521 eius.

249 596 329 642 usi.
350 570 463 641 ancilla
484 596 503 639 a
524 572 653 640 domina
674 594 733 639 sua
752 569 893 637 lacerata
914 591 974 661 per
993 569 1084 636 iram.

333 682 409 750 491.
442 707 530 752 nvos
551 705 662 752 vueno
684 680 738 749 Ps.
772 681 919 774 pseeazin
941 698 1057 772 graece
1080 674 1203 754 dicunt,
1230 671 1360 765 quando

249 792 406 859 minutum
427 794 495 860 siue
517 816 626 861 rarum
644 792 734 886 pluit
757 790 931 858 ornatrices
952 790 1048 881 igitur
1069 791 1286 877 conponentes
1309 804 1361 849 ra·

223 926 322 970 snum
354 924 392 969 ao
423 927 560 995 paruum
590 925 694 994 aquae
725 900 830 968 solent
857 901 983 967 mittere
1018 919 1057 965 ac
1085 893 1176 964 uelut
1201 893 1360 987 psecanin.

250 1035 328 1105 ergo
350 1014 487 1081 nominis
509 1012 738 1105 etymologiam
760 1010 800 1079 ab
822 1018 891 1077 arte
913 1007 1057 1099 sumpsit.

332 1122 406 1191 492
429 1142 559 1191 nomon.
587 1123 614 1189 si
635 1122 782 1189 altiorem
803 1142 903 1187 unum
924 1118 1105 1187 cincinnum
1126 1116 1246 1196 feeerit,
1267 1114 1360 1207 puni-

249 1241 310 1314 tur,
332 1242 368 1301 ut
389 1232 416 1301 si
438 1232 558 1299 crimen
579 1232 750 1305 admiserit

333 1341 407 1409 495.
429 1364 545 1409 s1n1s1
566 1364 598 1409 o.
620 1363 652 1409 u.
674 1365 706 1408 τ.
734 1342 763 1410 si
783 1349 820 1409 tu
841 1340 936 1409 loeda
959 1362 995 1407 es
1016 1346 1050 1406 et
1070 1343 1195 1406 nasuta.
1302 1356 1363 1403 au-

211 1469 336 1518 sonsnn
358 1474 389 1520 n.
411 1452 512 1519 altera
532 1452 685 1544 conponit
705 1454 836 1535 crinem,
859 1451 935 1520 dum
956 1448 1011 1517 illa
1032 1446 1167 1517 ceditur.

331 1562 405 1632 497.
433 1587 493 1630 esu
516 1584 549 1631 iu
571 1584 726 1631 consum.
755 1561 935 1654 lanipendia
960 1560 1070 1627 matris
1097 1558 1181 1625 laeta
1210 1554 1360 1635 ornatrix,

249 1672 341 1761 quasi
359 1673 520 1766 magistra.

331 1780 404 1849 498.
432 1804 576 1852 ensium
599 1808 627 1863 o.
651 1807 681 1851 c.
704 1808 733 1851 n.
771 1804 854 1876 quae
875 1803 939 1850 non
963 1780 1105 1849 ornatrix
1127 1785 1190 1860 est,
1217 1779 1276 1848 sed
1296 1782 1362 1847 iam

249 1891 340 1981 quasi
360 1894 492 1961 emerita
512 1902 626 1961 cessat

210 2019 236 2061 ιε
333 2000 406 2068 499.
428 2023 526 2071 nvivs
549 2027 579 2073 n.
601 2026 631 2071 c.
659 2005 729 2096 ipso
750 2003 805 2073 dat
827 2002 994 2073 consilium
1015 2002 1085 2072 siue
1108 2002 1245 2096 disponit
1266 2023 1361 2071 oma-

246 2116 361 2179 turam.
424 2127 428 2131 ’

330 2220 404 2288 501.
432 2247 498 2290 nvn
519 2246 651 2295 suinae.
686 2233 812 2295 tantum
833 2224 944 2293 ineunt
966 2224 1150 2307 consilium,
1177 2225 1268 2317 quasi
1294 2246 1361 2295 non

247 2330 289 2399 ‹le
310 2341 423 2400 ornatu
444 2342 572 2425 agatur,
594 2335 653 2404 sed
675 2335 715 2402 de
736 2336 868 2427 pudoris
890 2344 946 2403 aut
968 2336 1052 2403 uitae
1075 2334 1262 2403 discrimine.

249 2465 335 2510 evus
358 2466 502 2513 oscoms.
526 2453 614 2512 tanta
636 2454 685 2512 est
706 2445 886 2514 sollicitudo
908 2454 1041 2538 propter
1063 2445 1223 2514 decorem.

208 2579 239 2621 no
334 2552 407 2621 502
428 2577 495 2624 non
508 2579 631 2623 cneum
646 2579 698 2623 ou.
726 2564 850 2625 tautum
871 2554 1057 2648 capillorum
1078 2556 1111 2624 in
1132 2564 1205 2624 ante
1226 2578 1359 2650 compo-

246 2662 339 2731 nitur.

330 2774 403 2843 503.
426 2796 552 2872 suosne
575 2799 607 2845 v,
629 2785 703 2845 ante
724 2779 839 2847 faciem
861 2779 963 2847 maior
984 2777 1120 2845 uidetur.

329 2883 404 2951 504.
426 2907 507 2953 coen
530 2908 564 2954 u.
588 2910 651 2979 qua
672 2909 737 2955 non
761 2898 835 2957 sunt
856 2888 960 2981 capilli
982 2890 1066 2955 satis.

331 2992 405 3061 505.
428 3016 632 3073 flammaeve
654 3021 685 3065 v.
708 2998 735 3064 si
757 2997 944 3067 breuissima
967 3007 1089 3066 statura
1109 2996 1253 3069 habetur.

176 3180 180 3191 ,
209 3127 236 3172 aa
332 3101 406 3169 506.
429 3125 544 3173 nvums
565 3129 688 3176 imvm
709 3130 740 3175 c.
761 3108 858 3177 nullis
880 3111 988 3178 adiuta
1010 3108 1114 3177 rebus.

330 3210 404 3280 507.
427 3238 471 3282 an
492 3240 615 3286 oscvun
637 3240 667 3288 Ρ.
690 3218 731 3287 ad
753 3219 864 3288 oscula
886 3220 1012 3290 moechi
1035 3220 1165 3291 scilieet

329 3322 404 3394 509.
441 3348 631 3397 naunonvu.
670 3351 753 3422 quae
779 3329 811 3397 in
839 3332 935 3399 domo
958 3332 1084 3399 luerint,
1192 3350 1302 3399 vicmo
1323 3351 1357 3398 u.

246 3437 409 3523 tamquam
432 3446 593 3521 extranea,
616 3439 662 3506 sic
684 3446 734 3505 est
754 3461 829 3508 eum
850 3442 974 3508 marito.

318 3543 407 3615 510.
430 3570 495 3617 noc
519 3571 610 3618 sono.
642 3551 675 3617 in
697 3548 760 3617 hoe
782 3548 853 3617 solo
874 3552 1021 3641 proxima
1042 3558 1092 3619 est
1113 3552 1244 3635 marito,
1273 3550 1359 3645 quod

206 3679 235 3721 ao
247 3652 368 3719 amicos
389 3654 488 3746 ipsius
511 3658 586 3743 odit,
608 3659 696 3752 quod
717 3659 822 3727 uicina
842 3682 908 3729 non
929 3662 1013 3730 lacit.

245 3822 274 3877 3.
295 3821 453 3897 pseucazin
473 3824 613 3882 PS.oorr.
626 3843 656 3901 p.
734 3824 763 3885 4.
785 3843 895 3883 comam
915 3836 1059 3904 ponentes
1081 3829 1111 3887 0.
1125 3828 1227 3891 Barth.
1249 3848 1359 3888 comam

245 3907 452 3975 componentes
472 3918 499 3957 a.
557 3905 586 3959 5.
607 3902 725 3979 paulum
742 3902 873 3959 Arntzon
890 3900 923 3960 da
939 3905 995 3962 col.
1011 3922 1082 3964 cont.
1095 3910 1164 3977 1¹11,
1180 3913 1208 3966 1.
1267 3926 1360 3985 pzeu-

246 3974 328 4031 eazin
347 3976 406 4033 ΡΒ.
426 3967 570 4049 ψεκάζειν
589 3998 619 4054 p.
717 3982 746 4037 6.
767 3978 1000 4057 aethimologiam
1019 3984 1079 4041 Pa.
1176 3988 1224 4043 17.
1245 3986 1274 4041 in
1294 4004 1360 4043 eum

246 4051 396 4109 Peion.
413 4071 442 4109 o.
519 4058 566 4111 20.
588 4056 618 4112 in
638 4056 726 4113 altum
746 4072 771 4111 a.
858 4060 908 4114 23.
929 4058 997 4133 quia
1017 4077 1044 4118 o.
1132 4064 1180 4120 25.
1202 4060 1359 4119 aditaPS.

246 4142 320 4185 corr.
340 4144 366 4183 s.
444 4132 492 4188 27.
513 4129 631 4190 fuerunt
649 4151 680 4209 p.
757 4136 807 4193 29.
828 4132 884 4191 hoc
903 4136 1035 4212 proxima
1055 4137 1117 4195 solo
1137 4140 1319 4199 PS.oocr.a.
