3025 4859
240 322 315 399 100
617 330 653 385 u.
671 328 759 385 rvuu
777 322 971 384 irrisurus

236 504 324 595 quod
346 510 453 567 tamen
474 497 606 567 ulterius
627 504 815 579 monstmm,
837 516 933 588 quam
954 490 1060 559 mollis
1081 488 1221 559 auarus?

232 609 327 681 ‘haec
350 610 451 693 tribui,
474 611 587 677 deinde
608 608 660 676 illa
684 609 766 691 dedi,
787 630 864 676 mox
884 605 977 698 plura
1000 598 1115 671 tulisti?

237 731 402 817 computat
424 744 462 789 ac
485 728 587 789 ceuct.
609 728 745 811 ponatur
767 717 919 798 calculus,
942 716 1045 783 adsint
1306 720 1348 781 4ο

237 859 311 903 cum
334 832 441 901 tabula
463 832 562 923 pueri,
584 853 715 897 numera
738 831 884 896 sestertia
906 829 1046 920 quinque

237 946 383 1014 omnibus
405 946 437 1011 in
459 942 564 1021 rebus,
585 951 791 1008 numerentur
814 938 928 1007 deinde
950 938 1084 1005 labores.

237 1080 276 1123 an
299 1054 391 1122 facilc
414 1062 446 1121 et
468 1074 604 1145 pronum
627 1060 677 1117 est
699 1076 796 1145 agere
817 1053 898 1118 intra
919 1052 1043 1117 uiscera
1067 1072 1183 1141 penem

236 1166 412 1258 legitimum
435 1173 530 1255 atque
552 1160 615 1229 illic
637 1162 805 1229 hesternae
828 1185 997 1230 accurrere
1019 1158 1142 1229 cenae?

237 1300 350 1346 seruus
373 1278 431 1343 erit
453 1276 556 1341 minus
579 1272 631 1340 ille
652 1274 757 1353 miser,
780 1274 835 1366 qui
857 1274 972 1341 foderit
992 1296 1114 1365 agrum,
1306 1279 1347 1339 45

236 1412 333 1482 quam
355 1387 526 1455 dominum.
551 1384 606 1451 sed
630 1392 665 1451 tu
688 1406 765 1451 sane
787 1394 933 1451 tenerum
955 1393 988 1451 ct
1010 1406 1144 1475 puemm
1167 1390 1199 1450 te

236 1509 267 1568 et
288 1497 456 1591 pulchrum
480 1504 512 1561 et
533 1494 663 1585 dignum
687 1494 803 1584 cyatho
826 1494 980 1587 caeloque
1002 1494 1145 1587 putabas.

235 1631 295 1675 uos
316 1605 428 1673 humili
450 1604 628 1687 adseculae,
650 1628 710 1673 uos
732 1602 934 1696 indulgebitis
955 1627 1107 1697 umquam

235 1716 358 1799 cultori,
380 1718 443 1785 iam
466 1740 526 1784 nec
547 1716 659 1784 morbo
682 1717 802 1783 donare
822 1712 946 1806 parati?

236 1852 275 1897 en
299 1830 405 1895 cuitu
427 1827 557 1895 iriridem
581 1824 763 1907 umbellam,
786 1826 837 1892 cui
858 1826 967 1891 sucina
989 1827 1094 1893 mittas
1307 1836 1348 1894 50

234 1940 375 2032 grandia,
397 1937 510 2007 natalis
532 1938 678 2029 quotiens
701 1936 784 2002 redit
805 1945 860 2002 aut
880 1936 1043 2003 madidum
1064 1960 1124 2004 uer

234 2050 343 2141 incipit
367 2056 400 2116 et
422 2056 517 2114 strata
540 2049 664 2139 positus
685 2044 845 2138 longaque
867 2046 1017 2115 cathedra

233 2182 366 2229 munera
388 2158 531 2225 femineis
553 2166 669 2225 tractat
691 2165 814 2223 secreta
836 2154 993 2224 kalendis!

234 2272 294 2351 dic,
317 2291 436 2361 passer,
459 2268 509 2335 eui
533 2276 581 2335 tot
602 2270 727 2349 montis,
751 2276 800 2333 tot
821 2268 950 2359 praedia
972 2288 1083 2335 seruas

232 2381 349 2473 Apula,
371 2387 419 2447 tot
442 2376 557 2445 miluus
580 2380 661 2445 intra
684 2388 737 2445 tua
760 2401 878 2469 pascua
899 2375 1023 2445 lassas?

233 2500 266 2559 te
287 2487 461 2559 Trifolinus
484 2511 561 2581 ager
584 2490 727 2557 fecundis
750 2489 867 2556 uitibus
888 2487 1001 2580 implet

231 2610 483 2692 suspectumque
504 2601 614 2694 iugum
637 2598 749 2669 Cumis
773 2609 805 2667 et
827 2599 954 2669 Gaurus
976 2600 1077 2667 inanis
1101 2638 1140 2651 -

231 2734 306 2783 nam
328 2712 398 2804 quis
420 2707 512 2801 plura
533 2710 601 2779 linit
622 2711 746 2779 uictura
770 2709 853 2779 dolia
875 2707 1005 2781 musto?
1027 2738 1085 2795 -3

228 3006 727 3071 KOY.ANAPA.1(1NHaOc
742 3010 774 3072 bc
786 3030 935 3090 supramr.
953 3008 1060 3074 ‘mores
1078 3014 1179 3074 dulces
1195 3015 1250 3072 uiri
1265 3016 1340 3075 mol-

228 3081 282 3147 lis.'
309 3088 421 3147 similia
435 3108 470 3158 m,
489 3106 589 3164 yruscn
603 3108 656 3147 ant.
668 3106 695 3156 ς.
714 3082 914 3149 ‘Prouerbium
929 3104 990 3151 erat
1011 3092 1048 3151 de
1066 3093 1206 3151 catamitis
1221 3093 1342 3151 dictum:

228 3165 328 3223 dulces
349 3176 415 3223 sunt
435 3184 530 3223 mores
551 3168 569 3223 i.
591 3166 694 3226 faciles
715 3179 743 3225 et
755 3167 897 3227 flexibiles
915 3172 968 3227 uiri
982 3171 1086 3228 mollis.
1108 3190 1181 3227 unus
1216 3188 1248 3228 cs
1259 3169 1342 3230 deest

228 3243 325 3301 uersui
345 3260 460 3319 gracco,
482 3262 566 3319 quem
588 3246 723 3321 magister
742 3244 866 3303 hiericus
888 3247 1029 3305 scirenon
1041 3241 1151 3325 patuit?
1169 3190 1256 3305 schal.
1273 3247 1339 3307 adt.

226 3312 322 3377 αὐτὸν
340 3315 400 3413 τὰρ
421 3313 579 3397 luliarum
601 3310 703 3397 ἄστρα
724 3317 862 3379 κίναιδον
880 3320 1098 3397 Schnrzlleisch,
1119 3320 1203 3393 λιτὸς
1222 3317 1288 3383 cl'ai
1315 3344 1340 3383 ε·

225 3390 281 3471 λής
297 3388 322 3453 τ’
341 3392 401 3473 ἔφυ
413 3389 648 3473 ἀνδροκίναιδος
661 3384 801 3473 αοῑῆθος
820 3392 848 3456 δ’
870 3393 981 3479 ἀφελὲς
1000 3396 1080 3459 πέλει
1101 3394 1192 3480 ἀνδρὶ
1211 3422 1281 3459 ntra
1294 3399 1339 3484 δῳ

224 3476 250 3531 Ι.
261 3472 392 3547 Scnliyer
403 3476 433 3530 in
446 3472 572 3547 epistola
586 3472 624 3531 ud
639 3479 674 3532 P.
687 3476 836 3533 Danielem
848 3478 960 3535 inedita
976 3476 1159 3537 bibliothocae
1176 3482 1337 3538 ansnsic.

224 3552 273 3609 39.
291 3542 409 3607 ‘HAEC
430 3548 578 3607 TRIBVl.
598 3550 636 3609 D.
662 3552 690 3609 in
712 3553 770 3610 alio
791 3549 966 3613 'rVLrS'rr’
986 3554 1075 3613 schal.
1194 3559 1339 3617 ‹tu—150

225 3644 281 3683 om.
292 3625 316 3698 f.
376 3644 410 3683 ac
430 3635 514 3684 ceuet
535 3629 598 3685 PS:
617 3638 646 3686 ct
666 3639 749 3687 cenet
767 3630 813 3705 nh,
834 3641 921 3765 aigne
941 3642 1026 3691 ceuct
1046 3650 1072 3700 ς,
1093 3641 1181 3709 atque
1202 3644 1287 3693 canet
1301 3652 1337 3694 ω.

223 3704 271 3761 46.
292 3712 421 3761 tenerum
441 3704 521 3778 Psy:
541 3712 624 3762 tener
642 3724 699 3780 narr.
776 3710 824 3767 48.
845 3727 862 3765 a
884 3710 1000 3768 seculae
1020 3709 1117 3784 Ράρςε
1136 3711 1288 3770 asseculae
1300 3729 1338 3772 ω.

222 3782 272 3839 50.
292 3796 329 3836 en
350 3780 396 3836 cui
416 3788 445 3836 tu
467 3798 509 3836 nr:
529 3797 565 3837 en
587 3782 663 3838 cultu
685 3786 721 3858 P,
742 3783 771 3840 in
792 3784 868 3842 cultu
890 3789 922 3845 S.
1025 3791 1063 3846 53
1073 3790 1192 3846 Seruius
1202 3788 1241 3846 nd
1254 3792 1336 3863 Vera.

221 3856 296 3916 Aen.
311 3859 395 3927 ΠΗ,
407 3858 473 3915 638.
563 3867 667 3915 tractat
684 3862 1049 3935 gamunandans:
1068 3874 1175 3922 tractas
1195 3869 1257 3934 Par,
1276 3875 1336 3922 tra·

222 3932 276 3990 das
290 3931 432 3991 Heineche
442 3934 532 3990 eninr.
544 3938 628 4011 nuc.
731 3942 779 3996 55.
800 3939 893 3999 fassas
905 3940 944 4016 nh
953 3946 999 3999 M.
1011 3945 1127 4017 Harrpt:
1147 3943 1240 4000 lassos
1250 3945 1336 4001 PSas.

221 4011 269 4069 56.
290 4008 480 4087 Tripholinus
500 4026 528 4077 ς.
626 4014 672 4071 57.
693 4016 910 4094 subiectumque
930 4018 1077 4076 fisinrich.
1170 4020 1286 4077 Gaams
1306 4020 1335 4077 ia

219 4084 289 4225 ἱὶῃίς
305 4085 541 4225 ξὲθ.ἔέἔὺοταε.
563 4087 591 4147 iu
604 4090 687 4149 annis
698 4092 846 4181 Reisiains
854 4094 932 4173 apud
940 4094 1069 4155 sundnn.
1147 4099 1336 4158 58Priscics.

249 4200 297 4235 rs
354 4178 385 4243 P·
451 4204 459 4225 ·
