3025 4859
260 313 339 394 340
644 331 809 388 scucnu
825 331 986 388 musas
1080 308 1108 354 ⁰

260 507 316 568 aut
336 498 398 568 hcc
420 499 640 592 spectaculum
662 499 823 582 deiiceret,
844 508 966 568 utnon
987 507 1095 568 cuent
1115 500 1292 584 circem,
1319 502 1367 571 sic

261 611 382 678 tristem
404 609 515 679 urbem
536 610 672 693 uideres,
695 619 729 677 ut
751 611 778 677 si
800 617 887 678 esset
908 609 993 677 helio
1015 617 1109 678 uicta.

346 721 419 788 200.
442 742 649 789 nrrcvnnsu
669 745 701 788 v.
724 743 755 789 r..
779 718 817 787 C.
839 718 932 788 lucus
953 721 986 788 in
1007 719 1133 814 Apulis,
1154 720 1208 789 ubi
1230 719 1367 791 Romani

260 831 300 899 eb
322 830 500 900 Hannibale
522 839 597 899 sunt
616 832 702 899 uicti.

235 957 248 998 θ
346 943 420 1009 201.
443 965 649 1011 corsvnmvs.
672 939 851 1010 Varronem
866 939 1053 1010 Terentium
1073 942 1150 1011 deit
1169 951 1203 1010 et
1223 941 1368 1025 Paulum,

259 1075 395 1147 quorum
410 1051 529 1122 Paulus
548 1060 651 1119 semet
671 1051 796 1133 occidit,
818 1047 921 1120 Varro
944 1061 1052 1120 autem
1074 1053 1164 1148 [ugit
1186 1055 1236 1122 cui
1257 1054 1368 1122 trium·

258 1164 309 1232 ius
331 1165 478 1232 decretus
501 1170 560 1242 esi,
582 1163 741 1252 quianon
765 1163 890 1252 penitus
912 1162 1103 1254 despcrcuii,

344 1274 418 1340 201.
456 1296 587 1341 cusucn
614 1294 657 1339 sn
684 1295 807 1342 rvnrm
841 1273 874 1340 id
903 1281 953 1340 est
982 1272 1152 1342 iuuenibus
1183 1273 1366 1366 speeucuu

167 1439 171 1448 .
262 1385 418 1466 concede,
448 1385 502 1477 qui
530 1393 659 1475 propter
687 1384 861 1451 certamina
882 1383 1070 1474 sponsiones
1091 1393 1228 1476 ponunt,
1257 1394 1290 1452 et
1310 1385 1366 1454 de·

222 1495 359 1565 alecus
380 1517 437 1563 eos
457 1497 546 1562 iuxta
568 1491 691 1586 puellas
713 1503 868 1584 spectare.
1491 1572 1492 1599 ¹

345 1608 419 1674 202.
448 1627 577 1674 snousro
601 1629 629 1682 n.
653 1627 683 1672 c.
704 1627 735 1670 s.
764 1606 838 1695 quia
860 1605 1032 1695 antiquitus
1054 1603 1198 1672 solebant
1218 1604 1369 1674 mulieres
1491 1606 1492 1629 ¹

260 1741 335 1787 cum
356 1719 432 1785 uiris
455 1714 601 1784 omnibus
623 1715 778 1782 interesse
800 1713 991 1806 spectaculis
1012 1716 1235 1784 indifferenter.

343 1829 417 1896 2011„
440 1849 472 1894 rr
494 1849 618 1894 secuse
641 1847 752 1892 sruvr.
783 1823 865 1894 bene
885 1823 1010 1894 hisdem
1030 1838 1127 1920 poeta
1147 1824 1254 1896 uerbis
1276 1851 1369 1898 ucre-

261 1939 409 2009 cundiam
431 1938 600 2029 expressit.

223 2061 250 2102 ¹⁸
346 2049 419 2114 206.
442 2070 485 2115 rn
507 2069 646 2116 sexana.
668 2067 731 2113 una
752 2044 876 2137 integra
897 2047 977 2117 hcm
997 2071 1100 2141 usquc
1120 2049 1163 2118 ad
1182 2055 1316 2118 sexum

344 2159 417 2225 207.
440 2179 559 2225 uisura
582 2179 691 2226 vrrru.
714 2162 749 2222 ut
771 2158 899 2248 saepius
918 2159 1005 2228 idem
1026 2161 1133 2228 sasas.

343 2271 417 2337 208.
439 2289 558 2337 armon
576 2292 665 2365 vsvs.
687 2267 839 2359 quidquid
860 2267 896 2336 fic
915 2274 1035 2353 rariter,
1056 2270 1160 2363 magis
1181 2268 1328 2338 ddecus

614 2738 875 2816 SATVRA
926 2739 1019 2815 xri.

513 2939 573 2984 DE
612 2938 818 2986 REDITV
858 2936 1110 2988 currum.

220 3187 248 3231 ω
343 3153 374 3220 2.
412 3175 475 3232 Qvn
496 3175 616 3221 russvs
639 3177 668 3220 r.
691 3177 725 3222 ar.
760 3154 950 3246 {sumnum}
987 3154 1020 3223 id
1041 3161 1091 3222 esi
1117 3152 1159 3222 ad
1180 3149 1371 3222 sacrificium

260 3263 406 3333 ducenda
427 3263 467 3332 ad
489 3286 586 3332 aram.

343 3374 373 3442 3.
395 3397 569 3444 exsecrer
592 3399 624 3444 u.
645 3399 677 3442 v.
700 3399 733 3445 n.
755 3375 876 3446 Iunoni.
899 3375 952 3444 ulii
973 3375 1145 3450 Fortunae.

343 3487 375 3553 4.
398 3485 555 3554 Goncorrn
577 3485 706 3555 Msvnr.
729 3486 894 3556 Mineruae
916 3485 1027 3554 similis
1048 3509 1140 3579 agna.
1162 3485 1315 3577 qrrcniam
1334 3483 1367 3552 in

258 3595 445 3665 Mauritania
481 3597 570 3665 iuxta
602 3597 785 3667 Athlantcm
817 3621 837 3664 a
863 3595 984 3666 Perseo
1016 3606 1066 3665 est
1100 3596 1206 3664 occisa
1237 3593 1369 3688 Gorgon

220 3729 247 3770 as
261 3707 402 3776 Medusa.

344 3817 374 3884 5.
398 3841 606 3887 ssnrnocvn
628 3843 659 3888 s.
682 3841 714 3888 r.
737 3843 762 3889 s.
785 3843 815 3888 r.
839 3819 1026 3899 Q.11.r.id
1049 3818 1293 3905 esciuucncus,
1315 3817 1370 3910 qui

258 3929 377 4011 funem,
400 3952 462 4021 qua
484 3928 600 4023 ligatus
623 3938 681 4013 esi,
703 3933 830 4023 rumpis

258 4181 306 4236 19.
328 4177 470 4236 Catilinae
490 4179 523 4236 S.
601 4181 649 4236 21.
671 4175 834 4236 ducendam
853 4178 912 4235 ΡΒ.
990 4181 1038 4238 27.
1060 4197 1117 4256 quc
1135 4195 1165 4256 ρ.
