3025 4859
588 376 734 430 ss'rvltn
753 375 813 430 Vll.

146 551 182 614 ut
203 544 319 612 totiens
339 543 430 612 illum
450 551 543 634 pater
563 537 697 612 audiat.’'
721 542 803 612 haec
824 542 876 612 alii
898 565 957 612 sex

145 654 199 724 uel
220 653 329 750 plures
350 677 415 723 uno
438 653 639 724 conclamant
659 675 715 722 ore
737 652 913 747 sophistae,

147 776 178 835 et
199 790 293 836 ueras
315 769 435 860 agitant
456 765 530 834 lites
550 773 678 856 raptore
698 765 826 848 relicto;

145 879 215 947 lusa
235 900 362 946 uenena
383 876 491 958 silent,
513 875 617 945 malus
638 877 845 970 ingratusque
867 879 1015 958 maritus,

145 996 282 1082 atquae
302 990 367 1056 iam
387 997 515 1057 ueteres
536 993 650 1054 sanant
671 988 821 1054 mortaria
843 1009 968 1057 caecos.
1187 994 1248 1052 17ο

144 1121 221 1193 ergo
243 1097 302 1167 sihi
324 1086 411 1166 dlliit
430 1100 500 1190 ipse
520 1097 647 1178 rudem,
670 1099 696 1164 si
717 1106 825 1166 nostra
847 1097 1022 1168 monebunt

143 1208 344 1291 consilimt
364 1210 449 1277 uitae
467 1171 711 1277 duemffldr
731 1210 941 1303 ingredietur,

142 1320 182 1388 ad
202 1341 346 1412 pugnam
367 1319 422 1412 qui
444 1316 601 1388 rhetorici
623 1320 787 1388 descendit
809 1318 848 1388 ab
871 1317 998 1400 umbra,

140 1431 299 1499 summula
320 1455 362 1500 ne
382 1437 507 1525 pereat,
529 1421 598 1521 qud
615 1430 686 1498 uilis
708 1438 829 1498 tessera
852 1430 940 1498 uenit

139 1543 303 1625 lrumenti;
326 1543 445 1635 quippe
466 1540 547 1609 haec
569 1563 692 1610 merces
713 1541 898 1609 lautissima.
921 1547 1056 1633 tempta,
1183 1548 1243 1609 175

140 1651 371 1747 Chrysogonus
391 1650 501 1745 quanti
523 1651 637 1720 doceat
659 1652 713 1721 uel
734 1639 825 1720 Polio
848 1652 956 1743 quanti

136 1763 299 1832 lautorum
319 1785 452 1856 pueros,
473 1770 575 1830 artem
598 1763 722 1831 scindes
744 1761 915 1832 Theodori.

138 1872 251 1942 balnea
273 1874 428 1941 sescentis
449 1880 482 1942 et
503 1872 602 1966 pluris
624 1875 784 1965 porticus,
805 1873 837 1942 in
859 1895 922 1964 qua

137 1993 283 2079 gestetur
306 1984 465 2073 daminus,
489 1985 636 2076 quotiens
657 1983 802 2077 pluit-
823 2005 905 2051 anne
927 2005 1076 2054 serenum

138 2103 306 2189 exspectet
326 2101 520 2188 spargatque
540 2094 610 2164 luto
630 2095 772 2163 iumenta
793 2090 936 2163 recenti?
1182 2106 1243 2164 180

137 2205 187 2276 hic
207 2209 332 2300 potius,
353 2227 493 2298 namque
512 2204 565 2273 hic
586 2207 725 2274 mundae
746 2205 825 2274 nitet
846 2203 966 2298 ungula
988 2205 1093 2275 mulae
1114 2243 1171 2289 -‚

137 2326 229 2412 parte
251 2313 313 2384 alia
334 2315 437 2408 longis
457 2312 669 2384 Numidarum
690 2314 769 2384 tulta
791 2313 948 2386 columnis

137 2435 249 2521 surgat
270 2434 303 2494 et
324 2425 485 2519 algentem
506 2427 609 2519 rapiat
629 2429 754 2496 cenatio
776 2425 886 2494 solem.

137 2539 385 2631 qaranticumque
408 2537 535 2619 domus,
559 2538 666 2606 ueniet
687 2538 741 2628 qui
764 2536 883 2605 lercula
906 2536 1001 2606 docte

137 2657 311 2740 conponat,
333 2650 442 2718 ueniet
462 2649 518 2742 qui
539 2647 749 2741 pulmentaria
773 2647 910 2714 condiat
1180 2658 1241 2718 185

136 2757 194 2828 hos
214 2761 299 2828 inter
320 2769 467 2853 sumptus
489 2757 635 2827 sestertia
657 2753 865 2843 Quintiliano,

136 2877 171 2938 ut
190 2869 344 2952 multum,
366 2869 431 2939 duo
452 2869 623 2940 sullicient:
645 2891 698 2936 res
719 2867 805 2937 nulla
828 2867 957 2936 minoris

137 2980 296 3050 constabit
315 2981 412 3072 patri,
434 2965 531 3074 mam
546 2961 643 3050 llius.
676 2979 761 3048 unde
783 2979 878 3071 igitur
900 2985 947 3045 tot

138 3089 350 3177 Quintilianus
371 3089 469 3159 habet
491 3087 612 3159 saltus?
639 3089 788 3182 exempla
809 3109 967 3158 nouorum

137 3201 276 3271 latorum
296 3203 402 3270 transi.
423 3193 508 3270 le'liri
529 3208 561 3268 et
582 3199 715 3294 pulcher
737 3209 770 3267 et
790 3221 878 3282 acer,
1182 3213 1244 3272 190

139 3311 214 3380 lelix
237 3320 270 3378 et
292 3313 418 3405 sapiens
439 3320 472 3379 et
492 3309 607 3379 nohilis
629 3317 663 3378 et
682 3331 860 3404 generosus

139 3421 318 3516 adpositam
337 3424 448 3516 nigrae
469 3422 578 3492 lunam
599 3421 741 3491 subtexit
761 3419 880 3502 alutae,

140 3532 214 3602 lelix
237 3541 346 3602 orator
366 3525 502 3626 qudqut'
518 3535 677 3601 maximus
699 3539 732 3599 et
751 3530 907 3624 iaculator

141 3747 206 3804 166.
227 3743 303 3802 haec
322 3747 378 3818 Pp:
399 3751 444 3798 ast
463 3760 524 3818 pra,
544 3749 589 3798 ast
608 3739 681 3799 haee
700 3739 723 3814 f.
858 3745 923 3802 167.
946 3742 993 3800 uel
1012 3745 1075 3802 Ps:
1095 3753 1124 3803 et
1143 3763 1179 3802 ω.

142 3825 206 3880 173.
230 3821 373 3879 rethorica
394 3822 429 3875 P.
534 3818 693 3876 descendat
714 3818 860 3877 Heinrich.
964 3823 1027 3877 17-1.
1049 3823 1189 3879 summula
1209 3843 1248 3882 wc

141 3899 299 3956 summania
313 3900 377 3967 PS,
397 3895 526 3953 sulrrnola
546 3891 583 3953 Σ.
683 3900 748 3956 175.
772 3897 927 3954 laetissima
947 3895 1170 3969 Sclsarzlleisch.

143 3978 207 4032 176.
227 3975 306 4054 polio
327 3978 362 4031 Ρ.
499 3976 564 4031 177.
585 3971 701 4031 scindes
722 3977 848 4032 correxi:
874 3973 1008 4030 scindens
1028 3976 1113 4032 PSta.

143 4055 207 4112 178.
229 4053 367 4110 sescentis
386 4047 476 4124 PSfp.
561 4053 625 4108 180.
647 4060 803 4128 spargatue
821 4052 955 4125 Ruperti.
1043 4055 1095 4110 181
1119 4055 1250 4129 spuriam

144 4136 234 4187 111111
254 4127 402 4187 Heinrich.
473 4129 538 4186 185.
561 4129 707 4206 componit
719 4144 766 4203 93.
837 4125 953 4184 condiat
973 4127 1157 4187 Lachmann:
1177 4149 1249 4188 con·

145 4203 259 4276 ditPar,
280 4206 387 4264 condat
401 4222 463 4282 ορς.
542 4209 609 4266 190.
628 4205 750 4284 pulcher
765 4224 801 4282 p,
822 4205 923 4283 pulcer
935 4205 970 4263 P.
1041 4209 1106 4266 192.
1128 4207 1206 4266 alute
1215 4211 1250 4268 P.

1040 4304 1054 4334 8

1007 4305 1028 4370 6
