3025 4859
233 352 281 427 12
608 371 644 425 n.
662 370 751 426 nnn
769 364 963 420 1vvnnan1s

235 537 337 631 qualis
360 548 428 606 erat
450 562 552 633 nuper
574 540 694 632 tragico
717 534 858 630 pollutus
880 531 1004 600 adulter

234 648 420 732 concubitu,
444 654 497 743 qui
519 662 596 719 tunc
618 650 707 742 leges
731 646 904 716 reuocabat
925 666 1049 711 amaras
1299 648 1339 703 30

236 761 382 829 omnibus
406 763 508 853 adque
530 764 591 855 ipsi
612 760 730 829 Veneri
752 758 910 850 Martique
932 753 1102 834 timendas,

235 895 309 939 curn
333 880 380 939 tot
403 872 553 941 abortiuis
577 871 746 938 fecundam
767 868 844 936 lulio
865 865 997 935 uuluam

235 981 376 1050 solueret
399 992 430 1050 ct
450 992 565 1075 patruo
589 980 707 1049 similes
730 981 909 1049 effunderet
931 971 1037 1047 offas?

234 1116 341 1163 nonne
364 1095 460 1187 igitur
481 1095 549 1160 iure
571 1116 609 1161 ac
631 1095 744 1160 merito
768 1093 843 1159 uitia
865 1088 976 1158 ultima
997 1088 1088 1156 fictos

235 1212 443 1274 contemnunt
465 1203 604 1272 Scauros
628 1215 660 1271 et
682 1206 835 1297 castigata
856 1197 1061 1269 remordent?
1300 1202 1340 1260 35

321 1314 396 1383 Non
420 1315 491 1383 tulit
513 1340 555 1383 ex
576 1316 637 1382 illis
661 1326 789 1383 toruum
811 1314 947 1381 Laronia
972 1310 1130 1405 quendam

237 1428 428 1495 clamantem
453 1428 568 1493 totiens
587 1422 666 1493 “uhi
688 1450 774 1494 nunc
795 1425 850 1492 lex
870 1424 971 1492 lulia‘?
993 1416 1154 1491 dormisY'

237 1539 341 1631 adque
364 1540 408 1605 ita
429 1537 593 1605 subridens
611 1535 739 1605 “felicia
763 1546 921 1628 tempora,
943 1557 1026 1628 quae
1048 1544 1081 1600 te

236 1649 378 1717 moribus
403 1648 582 1741 opponunt!
604 1648 720 1716 habeat
741 1650 804 1715 iam
826 1647 929 1714 Roma
950 1647 1115 1739 pudorem.

237 1762 348 1827 tertius
372 1784 389 1826 e
412 1759 501 1828 caelo
525 1760 639 1828 cecidit
661 1759 752 1827 Cato.
797 1760 853 1827 sed
876 1768 982 1825 tamen
1004 1756 1090 1824 unde
1301 1758 1343 1818 to

236 1871 317 1939 hae'c
341 1872 435 1951 emis,
459 1870 580 1938 hirsuto
604 1872 725 1962 spirant
746 1867 950 1961 opobalsama
974 1868 1058 1936 collo

237 2004 320 2075 quae
342 1979 421 2047 tibi?
448 2003 488 2048 ne
511 1981 628 2073 pudeat
649 1981 812 2048 dominum
834 1990 1012 2048 monstrare
1033 1978 1193 2046 tabernae.

238 2094 325 2187 quod
348 2095 374 2159 si
395 2100 553 2161 uexantur
574 2092 677 2185 leges,
700 2101 732 2158 at
752 2093 822 2159 iure
844 2094 932 2159 citari

237 2212 312 2270 ante
335 2226 447 2271 omnes
469 2202 565 2270 debet
587 2204 756 2271 Scantinia.
800 2205 925 2296 respice
945 2205 1084 2295 primum

238 2323 271 2382 et
294 2322 436 2381 scrutare
458 2316 552 2382 uiros.
591 2316 710 2381 laciunt
730 2313 763 2380 hi
784 2312 893 2406 plura,
916 2316 972 2382 sed
994 2314 1065 2382 illos
1304 2315 1344 2376 45

239 2425 379 2493 defendit
401 2448 553 2493 numerus
575 2426 767 2515 iunctaeque
789 2424 929 2492 umbone
950 2424 1139 2518 phalanges:

238 2560 355 2630 magna
376 2538 458 2605 inter
480 2534 593 2603 molles
617 2534 796 2601 concordia.
841 2558 905 2603 non
928 2539 988 2604 erit
1009 2536 1109 2605 ullum

240 2645 425 2738 exemplum
447 2648 479 2715 in
502 2656 611 2715 nostro
634 2654 701 2713 tarn
724 2646 912 2713 detestabile
932 2671 1021 2715 sexu.

238 2758 340 2827 Tedia
362 2782 426 2827 non
448 2757 559 2825 lambit
581 2755 728 2823 Cluuiam
750 2780 811 2825 nec
831 2756 926 2825 Flora
950 2758 1123 2839 Catullam‚

237 2868 342 2960 llispo
366 2869 449 2936 subit
471 2872 603 2937 iuuenes
627 2877 658 2935 et
681 2867 794 2935 morbo
816 2867 916 2959 pallet
935 2878 1082 2964 utroque.
1305 2878 1347 2936 50

239 2981 393 3071 numquid
414 3005 473 3048 nos
495 2980 619 3073 agimus
642 3001 770 3062 causas,
798 2978 901 3047 ciuilia
923 2983 992 3047 iura

238 3092 401 3172 nouimus,
430 3101 486 3157 aut
507 3089 572 3157 ullo
596 3092 728 3181 strepitu
750 3091 818 3157 lora
840 3101 947 3159 uestra
969 3089 1161 3160 monemus?

237 3199 398 3268 luctantur
420 3225 556 3295 paucae,
579 3202 753 3268 comedunt
776 3200 923 3293 colyphia
944 3227 1076 3296 paucae.

238 3334 299 3381 uos
321 3311 427 3381 lanam
450 3312 572 3381 trahitis
595 3311 790 3404 calathisque
811 3324 942 3405 peracta
963 3316 1086 3381 refertis

237 3520 286 3577 29.
307 3516 417 3590 tragico
431 3532 524 3593 nuper
544 3531 571 3581 ς.
660 3516 706 3570 30.
727 3516 885 3571 reuocabat
904 3514 1057 3574 Pithoeus:
1077 3524 1226 3573 reuocatat
1244 3518 1280 3584 P,
1299 3533 1349 3572 re-

240 3604 358 3652 uocarat
377 3610 432 3669 pto.
506 3595 553 3647 31.
574 3592 629 3669 ipsi
641 3594 716 3657 Poe:
736 3592 807 3668 ipsis
829 3608 864 3648 ω.
934 3597 971 3650 34
981 3611 1027 3668 aq.
1048 3594 1139 3649 uictos
1155 3592 1349 3650 condemnant

240 3670 367 3729 Scauros
389 3670 562 3727 Soricariam.
641 3672 687 3727 36.
709 3668 835 3725 Laronia
854 3673 921 3727 Pto:
941 3670 1086 3726 Lauronia
1107 3686 1134 3736 ς.
1208 3672 1255 3729 37.
1278 3668 1348 3745 quid

240 3766 317 3805 nunc
340 3748 420 3805 Gort.
434 3744 593 3803 odLuoaa.
606 3750 630 3812 l,
644 3749 710 3803 681.
789 3748 837 3803 38.
859 3746 955 3821 adque
975 3748 1015 3802 ita
1035 3748 1103 3802 Por:
1124 3745 1161 3803 ad
1183 3765 1267 3822 quern
1289 3762 1316 3812 ς.

240 3828 288 3883 41.
310 3825 421 3902 spirant
442 3822 643 3900 oprohalsarna
664 3826 697 3880 P.
817 3822 865 3882 43.
891 3842 926 3880 ac
946 3825 1007 3880 iure
1028 3824 1065 3896 S,
1089 3822 1165 3881 unde
1183 3825 1300 3899 reposui
1320 3832 1350 3880 at

241 3903 316 3959 iure:
338 3918 372 3956 ac
388 3902 449 3956 iura
462 3902 523 3957 Ρω.
590 3900 637 3957 44.
658 3899 806 3957 Scantinia
825 3902 892 3957 Pto:
912 3900 1042 3957 Scatinia
1063 3917 1090 3967 ς.
1160 3904 1273 3979 respice
1287 3919 1349 3977 pto:

241 3978 386 4055 respicere
398 3979 433 4033 P.
499 3978 545 4035 49.
561 3976 588 4031 Τ
591 3976 658 4033 edia
674 3994 712 4033 or:
734 3975 833 4033 Media
843 3980 900 4045 SP,
920 3978 1017 4033 llleuia
1035 3996 1063 4052 p.
1127 3980 1173 4036 50.
1186 3980 1350 4057 Hispoporz

242 4056 341 4133 Hippo
362 4056 400 4127 S,
429 4054 519 4133 Hispo
540 4056 574 4110 P.
678 4056 725 4111 53.
747 4053 882 4130 colyphia
903 4057 970 4111 Por:
990 4054 1116 4133 coliphia
1137 4071 1169 4124 ς,
1197 4054 1350 4133 coloephia

245 4132 341 4190 Valla.
446 4138 494 4188 ost
513 4132 551 4188 53
573 4130 678 4205 lepilur
697 4132 729 4187 in
748 4128 809 4189 cod.
829 4134 1017 4188 Mozariaeo:
1042 4132 1152 4210 spicum
1172 4132 1282 4190 illustre
1302 4140 1348 4189 te-

242 4223 314 4268 nens
336 4150 499 4287 splendenti
519 4216 637 4285 pectore
658 4210 749 4284 uirgo.
838 4209 886 4267 54.
907 4208 1065 4285 colatisque
1085 4211 1120 4267 P.
