3025 4859
280 361 357 459 '238
668 394 1009 453 sesosrrvmcm.

364 559 417 627 38.
443 580 511 628 arx
532 556 622 631 Ivem
643 585 792 632 coenans
816 585 959 633 nvecea.
993 584 1078 657 quaa
1103 560 1193 631 iubet
1218 582 1278 633 eos
1298 558 1387 631 here-

281 672 413 741 ditatem
434 692 560 762 capere,
582 675 636 765 qai
659 675 739 742 tilios
761 674 888 743 habent

362 782 415 849 39.
453 805 596 850 coorsnr
618 808 774 856 neaeman
797 808 989 857 caarrvnvs.
1022 783 1075 851 40.
1106 782 1385 873 [avneoavrrcvep

281 914 362 986 quos
384 891 587 983 heredipetae
607 898 747 964 mittunt.
810 919 902 963 rvms.
927 896 1039 962 cristis.

255 1014 268 1053 ⁶
365 1001 418 1069 44.
448 1027 539 1070 cisra
562 1000 690 1072 Lamm.
712 1005 767 1098 qui
790 1007 906 1073 totiens
929 1005 1175 1097 superueniente
1196 1006 1311 1075 marito
1332 1003 1388 1074 sub

281 1122 369 1183 cesta
391 1112 510 1179 celatus
533 1122 590 1194 est,
611 1115 698 1182 utin
721 1118 830 1184 mimo.

364 1222 417 1291 47.
440 1243 550 1290 arnan.
574 1223 777 1315 Capitolium.

363 1334 416 1399 50.
438 1356 556 1401 vrrras
580 1357 783 1404 concinnens
807 1358 937 1405 pronae.
960 1357 1043 1429 quae
1058 1343 1192 1427 possunt
1208 1336 1390 1405 sacerdotes

282 1444 410 1512 Cereris
432 1466 514 1511 esse.

243 1576 270 1617 ιιι
365 1556 416 1622 51.
438 1576 563 1625 osores
577 1576 685 1625 necea
702 1578 862 1627 cononem.
882 1556 955 1651 qaia
977 1564 1009 1622 et
1030 1556 1221 1625 irrumantur
1241 1556 1390 1627 mulieres

280 1666 364 1736 dicit.

362 1776 415 1844 54.
441 1800 681 1856 excandescas,
702 1800 747 1845 vr
770 1800 856 1847 areo
878 1800 984 1847 ocveo
1002 1802 1030 1845 c.
1052 1777 1085 1846 id
1101 1786 1158 1859 est,
1179 1778 1206 1845 si
1220 1775 1389 1849 hanccon·

279 1887 431 1953 ditionem
454 1887 578 1953 dederis
600 1886 733 1968 mulieri,
756 1897 791 1955 ut
811 1912 876 1958 uno
899 1890 941 1956 sit
960 1890 1030 1958 uiro
1054 1896 1202 1956 contenta
1225 1898 1257 1955 et
1278 1888 1389 1956 ambos

280 1994 393 2062 oculos
414 1995 538 2077 habeat,
560 2006 617 2063 aut
639 1997 745 2066 multis
767 2008 800 2066 et
821 2022 936 2080 unum,
965 1998 1066 2092 magis
1089 2006 1199 2090 parata
1220 2008 1270 2067 est
1291 2022 1388 2067 unum

241 2125 267 2167 ιτ»
282 2104 412 2173 oculum
434 2104 551 2186 habere
573 2130 669 2198 quam
690 2131 791 2175 unum
812 2110 925 2176 uirum.

365 2217 417 2283 56.
451 2241 495 2285 vr
516 2240 611 2285 vrxrr
633 2240 665 2286 m
685 2242 780 2289 aeno.
812 2218 991 2313 respondit,
1020 2218 1052 2288 in
1074 2220 1202 2289 ciuitate
1224 2219 1271 2287 sic
1292 2220 1388 2300 uiuat,

281 2328 368 2396 utin
390 2350 478 2420 agro.

362 2438 415 2505 55.
451 2462 537 2505 nvnc
566 2437 630 2526 [57.
659 2460 785 2510 rosano
807 2440 905 2529 ceno]
932 2461 1093 2509 sarsana.
1127 2440 1271 2509 concedo
1299 2447 1332 2507 et
1357 2438 1387 2507 in

279 2571 358 2640 agro
380 2558 501 2614 castam
523 2549 629 2615 tuisse.
764 2552 877 2635 (vivas
898 2549 1043 2638 Frnsnrs)
1066 2551 1118 2621 atii
1141 2553 1258 2631 dicunt,
1289 2547 1387 2643 perdo

239 2681 392 2749 magram
414 2681 475 2749 ego
498 2667 675 2749 patmum,
698 2658 725 2725 si
747 2660 836 2725 uiuat
858 2658 911 2725 illa
933 2668 1031 2728 recte.

362 2770 414 2835 61.
449 2792 545 2836 prona
569 2793 634 2836 svo
657 2794 781 2838 evaeis.
815 2778 852 2837 ut
876 2770 1046 2839 desideras.
1184 2791 1226 2841 aa
1247 2792 1384 2841 essens.

278 2890 443 2948 consortes
466 2878 734 2970 spectaculorum.

363 2991 414 3057 63.
438 3013 604 3056 sacrasse
628 2988 795 3058 Bsaamo.
819 2989 951 3058 saltante
973 2991 1180 3083 pantomimo.

363 3102 415 3169 66.
444 3122 582 3169 avsrrca
603 3122 721 3170 orsam.
747 3100 800 3169 65.
824 3100 987 3193 [naonvn]
1010 3124 1136 3194 penem,
1158 3110 1194 3170 ut
1214 3098 1383 3171 habentia

236 3212 384 3282 semime.

361 3324 413 3391 68.
435 3340 559 3389 sonans
580 3341 662 3387 sona
684 3342 763 3390 sora
784 3342 946 3389 arrersao.
967 3320 1141 3389 iurisdictio
1163 3322 1291 3415 quando
1313 3328 1370 3391 ese

360 3436 412 3501 69.
434 3432 625 3502 dicernens
646 3455 791 3501 rnrsrss.
814 3430 878 3500 ludi
898 3432 1111 3525 Megalesiaci.

273 3696 302 3755 4.
324 3714 422 3755 rvms.
444 3698 536 3755 cristis
556 3716 610 3755 om.
630 3696 662 3754 S.
762 3698 790 3753 6.
810 3690 950 3754 ‘La-tinas
969 3697 1074 3754 miricas
1093 3697 1152 3769 fait
1172 3700 1219 3773 nari
1238 3696 1380 3771 moechas,

271 3781 306 3831 at
318 3772 540 3851 Probasinqatt‚
560 3779 590 3831 in
610 3782 721 3845 castam
741 3772 897 3831 denotatos
917 3778 1131 3845 superinstante
1152 3776 1251 3851 atiquo
1272 3774 1378 3849 tapeta·
1489 3782 1490 3849 ξ

273 3859 329 3909 tarr.
350 3854 400 3927 qai
418 3860 520 3927 pastea
538 3858 654 3929 propter
673 3850 842 3907 catattariam
865 3849 1043 3907 Messalinae
1062 3856 1182 3926 panitas
1201 3844 1261 3909 cst.'
1287 3856 1320 3909 V.
1489 3888 1490 3925 ι

271 3932 301 3985 8.
322 3930 434 4007 possint
453 3949 481 4003 p.
561 3936 606 3985 10.
629 3928 696 4002 qaia
715 3937 922 3984 eterrcrnantar
937 3930 995 3983 ΡΒ.
1017 3946 1087 3985 corr.
1107 3934 1143 3987 H.
1154 3928 1322 4006 Peerlkamp
1342 3924 1379 3986 od
1489 3930 1490 3957 r

275 4008 356 4080 Vera.
369 4008 487 4063 Aean.
507 4010 590 4084 prr.
612 4005 679 4080 quia
693 4005 890 4060 interimantur
901 4022 925 4061 c.
937 4004 1099 4062 interimant
1111 4025 1160 4063 ore
1175 4024 1201 4064 a.
1281 4012 1327 4064 13.
1349 4014 1378 4061 at

272 4094 321 4138 aut
342 4103 398 4138 nno
418 4102 443 4140 s.
539 4087 586 4139 21.
608 4098 682 4157 qaae
703 4081 808 4137 lrabeat
828 4082 885 4137 PS.
976 4082 1023 4139 24.
1045 4081 1097 4140 troc
1117 4082 1206 4141 schot.
1227 4080 1265 4139 od
1284 4075 1376 4159 ‘mag-

273 4152 349 4215 num’
361 4158 535 4231 referendam
547 4177 608 4217 ease
618 4155 693 4216 cidit
705 4154 733 4214 ta.
790 4150 942 4227 ‘aepactas
954 4159 984 4214 ia
995 4160 1226 4218 aaroadottssimis
1236 4163 1376 4217 cetastis·

271 4238 406 4312 anteque
416 4235 645 4313 codietboatepo:
664 4232 786 4310 deniqne
796 4232 947 4293 etProbos
959 4234 1101 4294 theoteiam
1110 4228 1329 4314 interpretator?
1341 4238 1375 4296 V.
