3025 4859
298 356 375 436 866
682 372 847 428 sonuum
863 372 1024 429 rurum.

379 540 430 611 53.
458 562 556 611 ouum
579 564 750 611 narnnrvs.
779 543 920 611 deterius
941 564 1038 634 quam
1059 552 1104 625 tu,
1126 550 1182 611 aut
1203 564 1243 611 ab
1266 544 1411 615 deterius

293 653 442 745 quoniam
465 661 496 720 te
518 654 680 746 magistra.

377 764 429 831 54.
454 786 632 833 cananum.
655 764 687 833 id
710 773 769 845 ast,
790 763 890 833 filium
911 767 1045 858 turpiter
1065 773 1223 857 agentem.

376 874 429 942 56.
464 898 549 943 vuun
573 900 638 943 mm
661 896 823 944 saonam«.
861 877 989 944 Terent.
1024 875 1177 965 [Pharan.
1199 873 1246 958 V,
1265 876 1303 958 8,
1323 876 1410 967 531:

267 980 369 1079 s‘quo
393 1010 449 1055 ore
471 986 560 1055 illum
583 986 774 1078 obiurgabis,
797 988 849 1055 dic
869 984 964 1055 mihi?

375 1098 427 1166 58.
453 1122 633 1167 raurnmuu
657 1122 685 1165 c.
708 1122 740 1164 u.
764 1121 796 1164 v.
820 1120 1017 1166 cvcvnama.
1050 1120 1070 1165 a
1090 1098 1233 1183 medicis,
1255 1099 1329 1190 quia
1352 1122 1408 1165 sa·

290 1234 351 1279 nus
373 1232 437 1279 non
460 1216 520 1276 est.
608 1207 834 1297 [cvcvnnmal.
857 1205 965 1278 σικύα.

376 1322 427 1387 60.
450 1341 597 1387 ossanna
622 1341 802 1387 cnsvuuas.
824 1319 887 1388 huc
910 1320 989 1387 dicis
1010 1321 1083 1387 tuis.

377 1436 428 1501 61.
458 1454 555 1501 anina
579 1453 645 1497 cvu
669 1453 755 1498 nom
778 1454 808 1498 n.
833 1454 861 1499 c.
901 1430 1093 1499 mundentur
1115 1432 1252 1522 parieles
1273 1430 1328 1501 uel
1349 1456 1407 1502 ca-

252 1564 408 1614 romanae.

376 1656 427 1723 62.
448 1678 504 1723 ιιισ
527 1676 612 1721 nava
635 1674 824 1721 annaurim.
847 1652 943 1741 [vasa
953 1651 1100 1741 asarsual.
1122 1651 1261 1745 anagliia
1281 1654 1405 1747 sigiliis

290 1764 443 1863 Virgilius
467 1766 558 1855 [Aen.
581 1762 622 1845 V,
644 1765 737 1851 267];
760 1758 809 1830 ‘et
830 1785 944 1854 aspera
965 1757 1081 1855 siguis?

375 1878 426 1946 63.
457 1900 526 1944 vox
547 1897 661 1943 nounu
684 1898 791 1942 rvnm.
825 1870 978 1965 Virgilius
1000 1873 1094 1962 [Aen.
1116 1870 1209 1959 Vllll,
1232 1876 1305 1968 731:
1332 1872 1404 1945 ‘ur-

291 1999 369 2084 guet
389 1988 568 2081 praesentia
591 1980 708 2053 Turni?

253 2124 278 2167 ιι
377 2102 430 2172 67.
453 2120 591 2167 annuum
613 2118 730 2163 sconis.
754 2117 796 2163 no
818 2092 1018 2187 πρίσματος.

375 2213 425 2277 66.
462 2232 503 2277 us
525 2230 668 2275 runsvsa
691 2229 780 2274 ιντο
802 2230 853 2275 sm
874 2231 905 2274 ιι.
952 2206 1004 2271 68.
1027 2204 1112 2293 [uon
1138 2208 1286 2298 aumasl.
1322 2206 1401 2275 iilud

289 2346 354 2395 non
377 2320 518 2414 respicis,
541 2318 810 2411 quemadmodum
832 2316 894 2383 filio
918 2323 1041 2384 castam
1062 2316 1193 2383 domum
1217 2314 1379 2385 exhibeas.

373 2437 427 2502 71.
455 2456 483 2501 s1
504 2453 594 2498 racrs
617 2453 662 2495 vr
686 2452 804 2498 aarum
827 2454 852 2496 s.
875 2452 895 2496 1.
930 2428 1034 2495 ciuem
1057 2426 1186 2497 bonum.
1209 2428 1236 2496 si
1259 2450 1334 2497 eum
1355 2431 1399 2495 ita

289 2547 470 2626 institueris,
492 2551 527 2611 ut
549 2544 589 2609 sib
610 2540 694 2608 utilis
716 2541 845 2632 patriae.

251 2674 280 2717 m
376 2660 428 2725 76.
450 2678 604 2725 ιιιιιιιιιι
625 2676 654 2719 Ρ.
679 2674 762 2743 quae
783 2672 802 2716 a
824 2647 1008 2741 parentibus
1030 2649 1216 2718 didicerunt

373 2770 425 2834 77.
447 2787 581 2833 vvnuva
600 2785 756 2831 nusum.
788 2758 945 2851 exemplis
960 2760 1064 2843 docet,
1086 2760 1149 2829 hoc
1164 2784 1295 2830 seruare
1307 2760 1402 2845 filios,

289 2881 375 2975 quod
398 2875 621 2970 aparentibus
644 2880 847 2964 acceperuut

373 2990 424 3057 78.
448 3009 626 3057 canavmus
650 3006 788 3053 annuns.
818 2980 992 3051 hominum.
1014 3004 1090 3051 nam
1110 2984 1231 3077 antiqui
1252 2982 1400 3055 crucibus

287 3101 436 3197 figebant.

247 3224 275 3266 ²⁸
375 3212 427 3279 79.
447 3232 502 3279 suc
526 3232 585 3277 aar
607 3230 693 3275 nuso
716 3228 937 3297 unusquam
957 3215 1108 3298 parentes
1128 3206 1334 3276 tradiderunt.

373 3324 424 3390 80.
446 3342 620 3390 rascsuma
643 3338 790 3385 anorum.
814 3337 889 3385 cum
911 3319 1057 3408 coeperib
1077 3316 1195 3386 uolare.

370 3434 423 3503 84.
458 3454 616 3499 russiam*
639 3452 681 3495 an
704 3448 813 3495 ιιιιιι.
850 3428 969 3510 idest,
1002 3428 1044 3497 ad
1065 3430 1277 3513 uenationem,
1311 3430 1399 3499 uude

285 3546 403 3615 nutrita
426 3553 484 3611 est.

369 3656 420 3722 86.
443 3673 660 3722 nnmmcnron
682 3674 778 3719 suar.
801 3650 935 3743 cupidus
958 3646 1105 3719 fabricae.

247 3781 274 3824 ³⁰
370 3766 422 3831 87.
445 3787 565 3832 manna
588 3760 629 3831 C.
650 3784 680 3828 1..
705 3786 735 3828 τ.
760 3785 786 3829 s.
808 3761 842 3829 in
864 3759 1041 3853 Campania
1063 3760 1187 3829 Calata.

369 3876 421 3942 90.
444 3898 658 3945 uanuomsvs.
681 3872 767 3965 apud
784 3870 957 3940 Praeneste
980 3880 1012 3938 et
1033 3870 1174 3941 Fortuna
1197 3882 1229 3942 et
1249 3872 1400 3943 Herculis

283 4162 311 4218 1.
332 4168 362 4218 te
382 4162 441 4217 ΡΒ.
463 4178 537 4220 abrs.
559 4162 590 4219 6.
609 4162 712 4221 Burtb.
792 4167 821 4219 2.
844 4176 930 4235 quam
949 4159 1008 4216 ΡΒ.
1028 4174 1103 4217 eurr.
1124 4153 1359 4231 84:me

283 4239 312 4293 6.
325 4238 558 4314 quiflanninius.
603 4242 632 4298 7.
645 4258 747 4299 συκυιι
758 4242 932 4314 Panormi.
991 4238 1038 4295 16.
1050 4254 1118 4295 non.
1128 4236 1186 4316 pis.
1196 4233 1358 4295 MaTou
1364 4238 1398 4297 8.
