3025 4859
599 298 746 355 sarvna
765 298 811 353 vr.
1189 280 1264 355 247

239 466 309 533 109.
340 487 517 543 nrsunvarr
541 488 583 531 ns
607 462 839 533 Canrnorcne.
861 486 980 534 nomeu
1001 462 1121 531 scenici
1142 461 1264 530 effemi-

151 578 218 643 nati
239 577 308 643 siue
329 574 467 641 sirianis.
575 574 716 665 [annosJ.
736 574 868 667 longam
889 581 1037 642 aetatem.

235 686 309 751 200.
331 704 496 751 rasnnnrs.
520 681 689 751 dotalibus.

236 794 311 861 201.
344 814 406 861 nou
435 816 470 859 ss
494 814 678 859 anarvsvs.
713 794 739 860 si
766 816 832 861 non
860 802 967 885 potest
993 794 1162 863 internos
1190 816 1263 862 esse

149 903 331 984 eoncordia,
354 926 395 969 ex
418 900 578 995 superfluo
602 902 651 967 uis
672 900 776 971 dulcia
797 905 896 995 gratis
917 904 1061 996 perdere.
1285 924 1299 963 a

235 1012 309 1081 203.
341 1033 489 1079 cassura
517 1032 651 1079 osrrcro.
690 1011 925 1081 discedentibus
951 1010 1172 1106 pransoribus,
1206 1014 1261 1103 qui

149 1122 247 1191 offici
273 1144 369 1189 causa
395 1120 599 1189 conueniunt
637 1120 783 1189 solebant
815 1124 900 1191 enim
927 1130 1022 1191 antea
1049 1145 1108 1213 per
1134 1124 1261 1213 nuptias

149 1230 374 1299 recedentibus
397 1227 500 1295 dulcia
524 1230 648 1321 erogari
669 1252 728 1323 pro
751 1232 933 1322 apator-ene
1022 1252 1149 1303 cavare.
1172 1235 1259 1298 satu·

147 1343 203 1421 ris,
223 1339 397 1431 indigestis.

233 1449 308 1515 204.
330 1468 398 1515 evrr
420 1466 525 1515 nance
546 1468 661 1513 naara.
684 1445 789 1538 ampla
812 1457 867 1515 aut
886 1448 991 1541 piena.
1271 1466 1298 1507 ¹⁰

234 1557 309 1625 205.
336 1554 550 1623 Gsauanrcvs
572 1578 668 1623 nvnc.
703 1554 795 1625 subdi
816 1556 860 1625 ita
881 1557 1010 1651 signati,
1036 1559 1091 1650 qui
1113 1581 1172 1650 pro
1194 1558 1258 1625 uir·

148 1670 283 1762 girritatc
305 1666 447 1756 deposita
469 1686 574 1733 nouae
594 1672 712 1755 nuptae
734 1664 900 1733 donantur.

234 1776 307 1841 206.
330 1798 358 1843 sr
380 1796 446 1842 arar
468 1796 679 1843 sanciremus.
701 1774 830 1843 sienim
850 1783 979 1867 paratus
1001 1800 1037 1843 es
1059 1775 1100 1843 ad
1121 1795 1257 1844 uxorem

147 1885 338 1966 ducendam,
359 1906 436 1976 para
459 1891 499 1962 te,
522 1891 558 1949 ut
578 1881 694 1951 subeas
715 1883 880 1953 seruitium
901 1886 1044 1977 deposita
1065 1885 1221 1954 libertate.

234 1994 308 2061 208.
328 2015 433 2061 ressa
455 2014 561 2061 rvcunr
585 2014 614 2061 rr.
637 2016 656 2059 r.
678 2014 854 2082 numquam
875 2016 958 2061 uxor
978 1994 1081 2087 parcit
1100 1996 1223 2065 marito.
1269 2008 1295 2050 ¹⁵
1384 1982 1388 1992 ¹

233 2102 306 2169 209.
338 2125 467 2170 ananan
489 2124 559 2169 issa
582 2122 689 2167 arcas.
719 2102 924 2192 quantumuis
945 2113 1031 2173 amet
1052 2106 1180 2187 mulier,
1208 2112 1257 2173 ta·

147 2236 226 2281 men
246 2213 358 2305 paenis
381 2212 449 2279 eius
470 2208 649 2279 delectatur
670 2207 852 2291 admodum,
873 2236 970 2304 quem
992 2224 1086 2282 amat.

233 2322 306 2389 210.
329 2344 372 2389 rr
394 2340 514 2389 srcnns
537 2340 661 2385 sarava.
690 2318 765 2409 quia
787 2319 903 2411 spoliat
923 2345 997 2389 eum
1019 2320 1193 2413 poscendo.

232 2431 306 2499 211.
328 2450 559 2505 orrannvsnve
581 2450 733 2495 nsnrrvs.
756 2451 821 2495 non
843 2438 951 2520 potest
965 2430 1069 2499 bonae
1083 2431 1169 2498 uitae
1184 2450 1256 2496 esse

144 2538 271 2620 mulier,
291 2562 374 2631 quae
396 2540 508 2605 marito
531 2559 589 2603 sno
612 2537 728 2629 gratias
751 2546 835 2629 aget
865 2561 925 2606 nec
947 2537 1078 2607 dubium
1100 2547 1149 2607 est
1170 2538 1294 2605 enimn

144 2650 235 2717 iliam
256 2670 315 2739 pro
337 2672 396 2716 sua
418 2647 581 2715 uoluntate
604 2669 700 2738 agere
723 2648 873 2738 quicquid
894 2644 981 2713 uelit.
1088 2650 1178 2735 (212.
1200 2668 1255 2716 run

145 2780 283 2836 vunvsrr
304 2761 438 2845 rnvrrs.)
461 2756 512 2825 hic
534 2778 608 2823 nam
631 2756 770 2825 maxime
791 2757 831 2825 ab
853 2778 955 2824 taxare
976 2759 1196 2825 contemnitur.

231 2864 305 2935 213.
327 2890 390 2935 nac
413 2886 588 2933 occasura.
611 2864 716 2946 idest,
738 2867 844 2934 omnia
865 2888 941 2935 cum
962 2865 1126 2937 uoluntate
1145 2866 1256 2936 amoris

143 2980 287 3046 facturus
311 2998 355 3043 es.

230 3086 303 3153 214.
326 3108 545 3154 excarnarvn
568 3108 697 3155 surcvs.
720 3106 817 3177 quern
838 3080 892 3151 iila
913 3083 1060 3155 uoluerit.
1264 3101 1292 3143 ²⁸

230 3196 303 3263 215.
340 3219 395 3263 mu
423 3216 545 3261 snrucn.
584 3194 624 3263 ab
650 3196 780 3263 ineunte
807 3201 911 3261 aetate
938 3196 992 3285 qui
1017 3197 1082 3265 iam
1108 3197 1254 3267 amicitiis

144 3306 207 3373 tuis
227 3305 414 3373 inhaeserat

231 3415 304 3483 215.
334 3438 399 3483 svs
422 3438 519 3483 ranva
544 3438 643 3483 vrnrr.
675 3414 759 3481 intra
781 3412 913 3483 donnum
935 3421 1023 3482 tuam
1045 3412 1176 3481 barbam
1198 3414 1255 3481 ad·

144 3524 226 3593 tulit.

230 3633 303 3702 216.
326 3656 486 3703 rrsrannr
502 3656 569 3701 cvm
584 3655 645 3699 sra.
668 3654 743 3700 cum
756 3630 903 3700 omnibus
917 3630 1013 3701 liceat
1027 3640 1253 3701 testamentum
1265 3656 1293 3697 aa

144 3746 260 3827 saccrc,
283 3742 339 3813 tibi
360 3766 424 3814 non
444 3742 562 3811 licebit.

145 3940 173 3993 2.
197 3934 312 4011 longam
333 3944 456 3993 aetatem
477 3940 542 4011 past
559 3950 675 3991 raram
695 3939 806 4009 parunt
825 3934 883 3989 Ps.
903 3935 1014 3991 marcuit
1030 3952 1055 3989 a.
1167 3934 1196 3989 5.
1216 3948 1252 3988 ex

146 4010 292 4091 superfluo
313 4013 351 4069 sit
369 4030 394 4069 s.
491 4015 524 4100 7..
541 4020 608 4089 post
628 4028 652 4067 c.
750 4010 780 4067 8.
801 4027 922 4102 crogare
942 4011 1001 4067 Ps.
1021 4005 1255 4097 ccrrrscbrcua·

147 4088 213 4147 iius.
293 4108 346 4165 pra
367 4086 541 4167 apoferetrrs
563 4089 620 4146 ΡΒ.
635 4103 751 4161 carna.
835 4090 882 4143 20.
905 4104 954 4163 qur
973 4081 1039 4157 ram]
1061 4102 1128 4161 qma
1148 4084 1205 4141 Ps.
