3025 4859
229 310 307 387 356
612 321 953 379 εοΗουΗΠΕΙΔ.

318 492 369 560 75.
393 512 600 587 runcum
622 494 655 563 id
678 502 737 574 est,
759 491 883 560 laeilim
903 497 1152 558 contemnuntur
1172 487 1226 569 dii,
1245 482 1347 554 nilio-

234 606 326 674 minis
349 604 565 671 testimonium
588 606 680 694 [non]
703 604 836 683 intersit,
857 603 912 693 qui
932 602 966 667 in
980 600 1097 669 iudicio
1111 600 1206 681 dieat,
1222 592 1322 665 ‘uidi’

318 718 371 783 77.
392 737 478 782 voce
500 737 619 781 muer.
643 717 740 803 [orm
763 715 839 802 srrl.
861 734 932 804 pro,
953 720 1072 803 quanta
1093 712 1145 779 sit.
1165 718 1203 777 ut
1223 707 1346 776 Tereo·

233 828 296 895 tius
319 826 431 914 [Andr.
455 822 494 905 V,
516 825 548 907 3,
570 827 620 915 7];
648 822 741 891 ‘num
769 826 838 891 eius
860 822 970 889 uultus
990 822 1122 914 pudoris
1143 822 1271 914 signum
1289 842 1346 887 us·

207 961 330 1031 squam
350 931 486 1003 indicat'
573 959 774 1005 corsuum
795 958 935 1001 vvorvs.
956 933 1104 1025 negantis
1123 930 1246 999 uultus.

318 1049 369 1114 78.
391 1068 534 1113 rvnrrma
556 1070 666 1117 rvnrr.
689 1045 861 1137 Capitolini
880 1043 975 1111 louis.

319 1160 372 1226 80.
405 1179 469 1223 eeu
492 1179 638 1226 caninos
661 1182 693 1225 v.
717 1180 750 1223 r.
784 1156 871 1225 md
892 1158 1021 1225 κοινοῦ.
1053 1174 1113 1245 per
1133 1176 1246 1221 omnen
1267 1152 1347 1221 deon

234 1273 326 1339 iurat

318 1379 371 1447 83.
393 1400 646 1447 ruurmrrmn
669 1400 774 1447 clem.
796 1380 829 1446 in
851 1379 967 1471 quibus
987 1398 1078 1443 arma
1098 1378 1203 1467 posita
1224 1382 1309 1444 eunt.

197 1514 224 1555 ro
318 1490 370 1557 84
400 1514 557 1559 couenru
578 1514 689 1567 murm
710 1513 740 1559 r.
761 1513 793 1558 u.
823 1490 856 1557 id
878 1499 943 1571 est,
965 1497 999 1556 et
1018 1510 1078 1580 per
1097 1487 1180 1555 filios
1199 1509 1277 1555 suos
1295 1486 1346 1553 iu·

234 1610 294 1684 rat,
316 1602 429 1669 sinon
452 1624 508 1668 eos
529 1601 686 1667 comedat.

320 1713 371 1779 85.
393 1734 556 1780 unneurrs
578 1734 694 1779 acero.
717 1714 888 1805 Aegyptio,
910 1712 994 1779 lorti

319 1824 371 1889 86.
394 1846 478 1889 evrr
501 1844 534 1888 ru
555 1844 735 1891 ronrvrre.
757 1824 843 1905 dicit,
864 1846 961 1915 quam
983 1821 1026 1889 ol>
1047 1842 1178 1889 eausam
1197 1818 1345 1889 hominen

235 1934 411 2025 periurent,
439 1954 513 1999 oum
535 1932 655 2014 dicant,
683 1934 770 2022 quod
792 1956 857 2001 non
878 1934 928 2001 dis
948 1933 1086 2024 agimur,
1114 1930 1173 1999 ned
1198 1932 1347 1997 fortunae

197 2043 372 2113 ucaeibue.
400 2042 476 2134 quid
498 2064 575 2133 ergo
598 2042 641 2109 dii
662 2043 825 2111 nocebtmt
844 2043 938 2127 laesi,
960 2045 987 2111 si
1008 2044 1136 2111 [ortum
1157 2042 1347 2135 disponente

235 2156 301 2223 uita
322 2152 488 2220 hominum
508 2150 653 2245 regitur?

319 2265 372 2333 88.
394 2287 525 2332 unauna
548 2286 733 2332 vonvnrrrr.
755 2274 792 2333 ut
813 2267 970 2357 disposuit
988 2275 1111 2333 natura

318 2376 371 2443 89.
393 2398 499 2454 rrovn
521 2398 597 2442 mro
619 2398 660 2443 m.
684 2401 715 2443 r.
737 2400 769 2446 r.
789 2401 819 2454 o.
840 2378 910 2444 sine
931 2375 997 2444 ullo
1019 2379 1134 2445 timore
1155 2378 1308 2469 peierunt

319 2487 372 2552 90.
407 2510 469 2553 rer
489 2510 583 2554 anius
605 2511 639 2554 u.
662 2511 693 2554 τ.
728 2490 784 2579 qui
804 2490 921 2568 credit,
951 2486 1102 2556 delictum
1123 2510 1219 2580 posse
1239 2488 1347 2581 puniri

197 2594 400 2665 rouolumtate
422 2598 565 2677 deorum,
588 2598 646 2665 sed
670 2600 797 2667 ueniam
819 2608 936 2693 sperat

320 2707 372 2774 93.
393 2730 516 2775 nvurur
537 2730 660 2776 srsrro.
682 2708 715 2777 id
738 2719 798 2793 est,
818 2732 953 2780 caecum
971 2711 1068 2777 etiam
1089 2712 1194 2779 iaciat

320 2819 373 2885 94.
410 2842 490 2896 ovos
513 2842 639 2889 inunno
661 2844 691 2889 re.
729 2822 760 2889 id
784 2830 842 2904 est,
864 2824 892 2890 ei
912 2845 971 2913 pro
992 2823 1114 2915 ingenti
1133 2824 1271 2914 praetio,
1298 2824 1347 2891 le·

235 2930 334 2998 rende
357 2938 406 2997 est
428 2932 574 2997 caecitas.
648 2930 823 3000 dummodo
844 2956 998 3025 magnum
1019 2935 1068 3014 sit,
1092 2934 1178 3025 quod
1199 2943 1346 3027 uegetum.

323 3042 375 3107 96.
412 3064 565 3108 orrrrnu
586 3064 616 3109 r.
639 3066 669 3109 n.
693 3066 724 3111 o.
760 3042 874 3110 melius
904 3052 954 3113 est
980 3052 1147 3137 aegrotare
1168 3068 1244 3112 eum
1265 3046 1347 3114 diui-

197 3150 297 3233 ntiie,
319 3172 416 3242 quum
438 3172 509 3217 esse
530 3172 643 3217 sanum
664 3175 849 3245 pauperem.

321 3263 373 3327 97.
411 3283 473 3329 uec
496 3284 639 3329 nvnmnr
661 3260 781 3331 Linus.
817 3261 923 3332 Ladas
950 3263 1009 3329 luit
1029 3264 1111 3331 inter
1132 3264 1346 3336 nobilissimos

239 3395 387 3442 cursores
409 3371 578 3465 Olympico
602 3376 790 3454 certamine,
817 3376 869 3442 cui
898 3372 1045 3441 aemulus
1076 3375 1184 3444 talario
1210 3378 1347 3448 eandem

235 3481 357 3575 gloriae
368 3482 508 3575 palmam
520 3482 604 3564 tulit,
627 3492 660 3549 et
671 3485 756 3576 apud
770 3484 895 3553 Elidem
909 3493 1080 3553 coronatus
1093 3495 1151 3558 est
1230 3510 1345 3558 sensus

231 3601 339 3661 autem
362 3616 404 3663 ex
425 3616 565 3685 persona
586 3595 703 3686 periuri
726 3605 786 3665 est.
806 3594 869 3663 hoe
891 3604 950 3678 est,
972 3594 1087 3664 melius
1099 3619 1175 3666 oum
1185 3620 1251 3668 uno
1261 3598 1346 3694 pede

233 3786 262 3840 1.
283 3782 313 3841 ni
333 3801 358 3841 e.
423 3790 453 3843 2.
476 3804 532 3843 non
553 3784 620 3844 odd.
641 3804 666 3845 r.
732 3787 760 3845 4.
780 3790 843 3847 einr
864 3788 946 3846 color
966 3791 1125 3847 numitor.
1184 3794 1213 3850 5.
1233 3808 1346 3868 negan-

233 3860 269 3918 tia
289 3860 409 3918 intuitur
433 3864 463 3921 0.
485 3862 586 3958 Barth.
667 3870 713 3923 11.
734 3867 777 3923 sie
796 3870 980 3925 P8.oorr.o.
1060 3870 1107 3926 19.
1129 3866 1266 3927 dilectum
1285 3872 1345 3928 ΡΒ.

233 3955 306 3995 oorr.
319 3957 347 4014 p.
475 3944 523 4032 77.
553 3942 574 3997 Γ
576 3941 639 3998 alus
660 3943 801 4003 Muncler
821 3944 860 4003 ad
880 3949 955 4017 Hyp.
975 3941 1036 4013 ful.
1056 3950 1094 4003 39
1114 3952 1220 4018 11102.
1250 3946 1345 4005 Talna

233 4014 306 4073 Cres
320 4012 550 4090 Soliurtzlleuolt.
609 4022 657 4078 28.
679 4020 732 4077 sed
753 4022 832 4100 apud
851 4022 938 4080 Elide
956 4023 1016 4079 ΡΒ.
1027 4040 1100 4079 oorr.
1114 4019 1344 4095 ootnnztuot.

230 4094 279 4148 29.
300 4092 402 4151 melius
423 4104 468 4153 est
488 4096 605 4152 diuitem
626 4116 683 4153 uno
703 4096 936 4174 Sohurtzlloioolt·
1002 4098 1082 4177 pede
1102 4098 1223 4160 diuitem
1244 4102 1346 4161 uiuere

230 4186 316 4247 quam
336 4188 496 4251 pauperem
517 4190 632 4233 currere
652 4191 678 4233 t.
