3025 4859
589 406 735 463 SATVRA
752 409 789 461 X.

132 574 248 669 pallida
268 574 356 645 labra
379 574 486 644 cibum
508 576 667 667 accipiunt
689 575 794 667 digitis
815 574 935 655 alienis,

131 690 200 781 ipse
221 687 261 756 ad
283 694 490 777 conspectum
513 708 612 753 cenae
635 685 784 753 diducere
805 686 920 753 rictum

132 806 243 867 suetus
263 796 328 865 hiat
351 806 483 877 tantum,
506 818 566 863 ceu
588 793 694 885 pullus
716 795 899 875 hirundinis,
921 793 962 861 ad
983 814 1080 885 quem

133 931 189 977 ore
211 906 301 975 uolat
323 906 417 999 pleno
441 914 542 974 mater
563 906 676 973 ieiuna.
713 906 770 974 sed
793 908 880 973 omni

133 1016 350 1086 membrorum
374 1017 489 1084 damno
512 1016 612 1083 maior
635 1015 802 1096 dementia,
825 1039 908 1107 quae
930 1040 990 1085 nec

130 1130 260 1197 nomina
282 1149 447 1195 seruorum
469 1148 529 1194 nec
551 1126 674 1194 uultum
697 1128 843 1219 agnoscit
864 1128 967 1209 amici,

131 1262 207 1308 oum
230 1259 294 1329 quo
317 1238 486 1329 praeterita
509 1238 635 1304 cenauit
656 1246 761 1319 nocte,
782 1261 844 1305 nec
864 1236 946 1321 illos,

131 1372 214 1442 quos
238 1349 356 1442 genuit,
380 1370 460 1440 quos
483 1347 601 1415 eduxit
634 1370 708 1414 nam
731 1349 842 1417 codice
864 1372 964 1417 saeuo

128 1460 266 1529 heredes
288 1466 377 1527 uetat
391 1482 468 1527 esse
491 1480 576 1538 suos,
598 1456 682 1525 hona
705 1466 771 1525 tota
793 1460 938 1527 teruntur

130 1572 173 1640 ad
195 1568 342 1653 Phialen;
366 1579 488 1637 tantum
511 1566 639 1636 artificis
660 1568 747 1636 ualet
767 1568 882 1637 halitus
905 1574 978 1653 oris,

130 1681 220 1775 quod
242 1689 374 1748 steterat
395 1679 503 1748 multis
526 1681 558 1745 in
580 1702 709 1747 carcere
731 1681 859 1748 fornicis
881 1684 979 1749 annis.

131 1800 169 1861 ut
191 1792 321 1885 uigeant
344 1813 456 1859 sensus
479 1790 583 1871 animi,
606 1790 751 1859 ducenda
775 1800 881 1859 tamen
902 1800 976 1859 sunt

130 1906 245 1972 lunera
266 1910 423 1983 natorum,
444 1923 542 1993 rogus
565 1902 765 1993 aspiciendus
788 1912 912 1970 amatae

2 2092 3 2097 ἵ
131 2014 279 2107 coniugis
302 2020 335 2080 et
356 2012 460 2079 fratris
482 2011 659 2105 plenaeque
680 2011 842 2079 sororibus
866 2036 973 2080 urnae.

104 2132 108 2141 '
130 2124 214 2193 haec
237 2125 310 2193 dala
332 2144 435 2215 poena
457 2121 510 2189 diu
533 2122 722 2203 uiuentibus,
744 2133 781 2190 ut
802 2133 955 2192 renouata

131 2257 262 2327 semper
284 2232 374 2301 clade
396 2232 511 2300 domus
533 2231 641 2300 multis
662 2234 694 2300 iu
716 2233 854 2302 luctibus
875 2236 972 2325 inque

131 2352 291 2440 perpetuo
313 2366 457 2412 maerore
480 2352 513 2410 et
533 2344 623 2436 nigra
645 2351 736 2411 ueste
758 2352 934 2413 senescant

131 2480 194 2525 rex
216 2453 334 2545 Pylius,
357 2478 473 2548 magno
498 2455 523 2521 si
546 2456 717 2547 quicquam
739 2456 844 2523 credis
865 2455 1018 2535 Homero,

133 2564 321 2658 exemplum
342 2566 427 2634 uitae
449 2566 507 2632 luit
528 2588 546 2631 a
569 2566 697 2633 comice
719 2565 887 2633 secundae.

132 2677 212 2746 [elix
232 2677 389 2759 nimirum,
412 2676 466 2768 qui
488 2683 535 2743 tot
558 2698 615 2767 per
637 2674 764 2742 saecula
786 2684 923 2743 mortem

134 2790 258 2859 distulit
279 2787 383 2879 adque
405 2808 480 2854 suos
503 2786 565 2853 iam
589 2786 701 2853 dextra
723 2793 888 2877 computat
909 2807 1019 2868 annos,

135 2900 255 2995 quique
276 2920 396 2966 nouum
418 2898 534 2965 totiens
556 2906 697 2964 mustum
719 2896 806 2964 bibit
840 2918 906 2978 oro,
928 2919 1100 2990 parumper
1183 2910 1249 2968 2⁵0

135 3010 290 3092 attendas,
313 3018 466 3101 quantum
489 3007 529 3076 de
550 3005 673 3099 legibus
691 3007 760 3097 ipsc
782 3016 932 3099 queratur

136 3124 275 3191 latorum
298 3127 330 3188 et
351 3120 448 3187 nimio
471 3119 511 3187 de
534 3123 675 3197 sumine,
698 3140 773 3185 cum
795 3118 883 3186 uidet
904 3120 986 3187 acris

138 3230 299 3303 Antilochi
321 3228 452 3297 barbam
475 3228 649 3310 ardentem,
673 3250 746 3296 cum
770 3228 893 3319 quaerit
915 3229 954 3296 ab
978 3232 1073 3313 omni,

140 3342 283 3436 quisquis
307 3340 398 3408 adest
419 3340 535 3420 socius,
559 3360 615 3406 cur
637 3337 717 3407 haec
739 3340 772 3405 in
794 3348 940 3430 tempora
961 3340 1063 3424 duret,

140 3452 227 3547 quod
249 3450 372 3519 lacinus
394 3450 526 3542 dignum
547 3458 613 3516 tam
635 3448 733 3542 longo
755 3448 918 3517 admiserit
939 3472 1031 3518 aeuo.
1187 3462 1251 3521 255

14 3680 15 3687 ¹
139 3707 206 3763 229.
228 3701 347 3781 capiunt
367 3716 393 3768 ς.
478 3704 544 3758 230.
566 3718 655 3757 caeno
677 3702 710 3756 Ρ.
795 3699 934 3759 diducere
954 3704 1011 3777 Py:
1031 3700 1176 3761 deducere
1194 3720 1252 3779 ρω.

139 3784 206 3839 231.
227 3778 265 3837 ad
287 3796 371 3854 quem
391 3793 451 3855 por:
473 3786 502 3833 nt
524 3796 608 3853 quem
629 3780 663 3834 Ρ.
768 3780 835 3834 232.
854 3787 947 3835 mater
964 3779 1062 3835 ieiuno
1080 3796 1141 3852 por:
1161 3788 1254 3839 mate·

141 3858 200 3915 riae
222 3856 289 3913 luna
309 3856 344 3912 P.
441 3857 508 3912 238.
531 3853 651 3911 Phialen
672 3854 773 3927 Papa
792 3852 896 3911 Pialen
917 3852 1023 3923 chodae,
1041 3854 1152 3913 Pialem
1172 3854 1215 3926 fg.

142 3936 211 3991 onis
232 3936 266 3990 Ρ.
363 3934 431 3989 240.
453 3938 519 3987 sunt
536 3948 600 4006 pto:
621 3930 677 3985 sint
697 3933 731 3987 Ρ.
830 3931 897 3988 241.
918 3930 1023 3988 lunera
1043 3942 1174 3987 notorum
1194 3950 1256 4007 porr

140 4010 335 4069 laceratorum
357 4011 391 4065 Ρ.
479 4010 546 4065 245.
568 4006 698 4083 paedore
715 4004 1214 4084 Wakefietdtropoeddeldplffi.

142 4096 295 4221 receptant
314 4102 376 4219 pepp
397 4092 530 4217 spnepcpt
542 4086 620 4217 {lp
684 4085 750 4141 246.
773 4084 909 4218 ‹ppiqomn
930 4086 964 4140 Ρ.
1039 4086 1115 4219 225541
1136 4101 1254 4175 qupere·

142 4172 197 4301 ll's
211 4171 630 4314 stunnvllfilffm
643 4178 757 4297 uim
809 4178 904 4219 'm
924 4178 961 4218 ω·
1227 4176 1255 4229 ³·

1007 4334 1055 4400 3.
