3025 4859
584 375 730 430 SATVRA
747 377 807 432 XV.

141 545 207 614 dira
229 545 314 636 quod
338 543 521 637 exemplum
543 545 650 612 feritas
672 544 858 636 produxerit
880 565 970 612 aeuo.

223 653 307 723 lnter
328 655 475 724 finitimos
497 665 590 723 uetus
613 654 717 746 adque
739 657 868 747 antiqua
890 653 1043 733 simultas,

138 768 306 836 inmortale
329 767 437 836 odium
460 776 492 835 et
512 789 686 857 numquam
708 766 851 834 sanabile
872 766 987 835 uulnus

138 879 226 946 ardet
247 877 360 960 adbuc,
382 875 504 945 Ombos
527 886 559 946 et
581 876 732 966 Tentyra.
766 901 910 945 summus
932 877 1090 967 utrimque
1209 884 1247 941 35

137 991 209 1059 inde
231 992 320 1058 furor
342 987 450 1081 uulgo,
474 989 559 1080 quod
582 989 710 1055 numina
732 988 910 1056 uicinorum

137 1101 203 1168 odit
224 1109 359 1191 uterque
380 1098 481 1180 locus,
504 1122 577 1167 cum
600 1097 687 1165 solos
709 1099 819 1166 credat
840 1097 1003 1167 habendos

136 1234 206 1278 esse
229 1211 317 1292 deos,
340 1232 422 1300 quos
444 1211 512 1301 ipse
536 1207 619 1277 colit.
654 1217 703 1275 set
724 1218 870 1300 ternpore
894 1210 974 1276 lesto

134 1319 263 1388 alterius
284 1319 394 1412 populi
416 1319 566 1410 rapienda
588 1321 715 1387 occasio
739 1321 862 1387 cunctis

134 1433 202 1500 uisa
223 1432 423 1498 inimicorum
446 1428 635 1521 primoribus
658 1453 696 1497 ac
718 1429 860 1510 ducibus,
883 1453 924 1496 ne
1204 1435 1246 1494 4ο

133 1540 252 1608 laetum
273 1539 469 1631 hilaremque
493 1541 585 1621 diem,
608 1564 650 1608 ne
672 1562 807 1632 magnae
830 1539 945 1632 gaudia
968 1561 1066 1606 cenae

133 1653 293 1732 sentirent,
317 1653 428 1742 positis
451 1651 490 1718 ad
513 1649 632 1741 templa
655 1660 688 1716 et
710 1651 850 1741 compita
872 1652 989 1716 mensis

132 1761 342 1854 peruigilique
364 1771 444 1842 toro,
467 1783 565 1852 quem
585 1767 680 1827 nocte
703 1783 742 1827 ae
763 1759 836 1827 luce
859 1762 1015 1827 iacentem

132 1873 286 1962 septimus
308 1872 465 1939 interdum
488 1871 536 1937 sol
558 1872 687 1938 inuenit.
722 1869 850 1938 horrida
872 1895 948 1938 sane

131 1981 307 2073 Aegyptos,
329 1981 385 2049 sed
405 1981 540 2062 luxuria,
563 1990 717 2074 quantum
739 1982 808 2072 ipse
830 1985 948 2064 notaui,
1200 1989 1240 2050 45

132 2089 269 2159 barbara
292 2092 414 2160 famoso
436 2115 500 2159 non
524 2092 608 2158 cedit
629 2081 720 2158 turba
743 2091 889 2185 Canopo.

130 2201 209 2269 adde
232 2203 321 2292 quod
343 2202 497 2270 etfacilis
519 2203 651 2269 uictoria
673 2202 713 2269 de
735 2204 868 2270 madidis
891 2212 923 2271 et

131 2309 246 2377 blaesis
270 2313 372 2402 adque
396 2334 484 2378 mero
508 2311 724 2378 titubantibus.
759 2313 832 2380 inde
854 2315 996 2381 uirorum

129 2420 262 2488 saltatus
284 2423 373 2514 nigro
398 2421 532 2503 tibicine,
555 2421 800 2514 qualiacumque

129 2539 294 2624 unguenta
316 2540 348 2597 et
369 2531 465 2600 llores
488 2531 671 2623 multaeque
692 2534 724 2600 in
747 2534 850 2600 fronte
874 2555 1020 2615 coronae,
1200 2547 1240 2602 5ο

130 2639 202 2710 hine
222 2643 366 2709 ieiunum
389 2643 504 2710 odium.
539 2643 596 2710 sed
617 2644 719 2734 iurgia
740 2645 840 2735 prima
863 2666 977 2710 sonare

129 2754 282 2845 incipiunt
304 2755 415 2820 animis
437 2752 634 2835 ardentibus3
655 2753 735 2821 haec
760 2752 834 2820 tuba
857 2755 954 2820 rixae.

130 2861 200 2929 dein
222 2861 364 2930 clamore
385 2867 454 2955 pari
476 2865 683 2945 concurritur,
706 2872 738 2931 et
760 2866 831 2931 uice
853 2863 907 2930 teli

130 2976 232 3041 saeuit
255 2974 341 3041 nuda
363 2997 485 3043 manus.
520 2997 641 3067 paucae
663 2976 731 3041 siue
754 2972 886 3042 uulnere
908 2975 1021 3056 malae,

129 3213 174 3268 32.
196 3209 378 3287 producserit
396 3229 420 3271 r.
532 3217 578 3271 33.
599 3213 731 3270 finitimas
753 3210 1119 3270 Saturastmecerecffltta.
1134 3212 1237 3287 11447.

130 3287 547 3364 tdspurtnmlmbetltoportt.
674 3293 721 3349 35.
743 3289 854 3348 Ombos
874 3293 955 3357 Pse:
976 3292 1083 3346 Vmbos
1103 3305 1127 3356 r,
1150 3289 1238 3345 Corn-

130 3363 181 3420 bos
202 3383 243 3432 ω,
275 3383 393 3442 compos
412 3384 445 3440 9,
477 3365 588 3444 Coptos
609 3365 834 3425 Paomiusreolr.
845 3366 948 3424 sortes
959 3369 1064 3441 Egypt.
1076 3369 1118 3436 11,
1134 3368 1238 3441 pllio.

132 3439 278 3497 1111111111.
375 3453 475 3499 tenara
493 3460 521 3518 q.
619 3445 731 3519 utrique
752 3441 799 3500 od.
898 3441 1125 3500 summus-sed
1141 3445 1241 3516 sparto

130 3515 239 3574 tudtoot
252 3517 410 3576 Froaoltins
423 3519 499 3594 opud
510 3519 713 3577 Heinricbtnm.
774 3523 820 3576 36.
843 3520 919 3595 uulgi
934 3518 1029 3594 nospg.
1090 3522 1136 3576 38.
1158 3529 1202 3575 set
1214 3536 1239 3576 r.

131 3592 177 3649 41.
198 3593 358 3670 ilaremque
378 3598 412 3651 P.
567 3599 614 3654 43.
635 3606 720 3654 noete
741 3614 776 3652 ac
796 3596 859 3654 luce
882 3600 936 3663 Ρςτ
958 3597 1022 3654 luce
1044 3614 1078 3652 ac
1098 3606 1182 3652 nocte
1203 3613 1239 3652 ω.

132 3669 176 3726 44.
197 3671 343 3727 interdum
363 3674 444 3738 Ρ8ςε
464 3673 573 3731 ioteren
594 3693 629 3730 or.
745 3673 1098 3730 horrida-titubantibus
1116 3670 1242 3729 eiciendo

132 3749 248 3819 putauit
260 3748 418 3805 Froncbtus
426 3766 519 3806 11111111.
531 3753 595 3808 ortt.
605 3753 661 3806 ott.
673 3755 739 3808 11111,
750 3769 780 3825 p.
789 3753 844 3807 107
850 3749 957 3828 sqqde
968 3747 1239 3825 uttalrtucuoltsqo.

133 3821 235 3880 altero.
249 3827 337 3899 Dorp.
353 3829 438 3883 1827.
452 3825 532 3900 prob.
547 3829 757 3884 (1.111111111111111
770 3827 969 3901 (8111111111.
984 3831 1051 3901 th.
1060 3829 1133 3884 1822
1145 3843 1171 3882 n.
1183 3829 1242 3884 228

132 3901 257 3975 prere)
270 3908 296 3956 ot
310 3901 485 3959 Heinrtolrto.
564 3907 612 3961 45.
633 3907 779 3982 Aegyptos
792 3907 830 3960 P:
851 3906 997 3980 Aegyptus
1012 3923 1047 3972 m,
1068 3913 1111 3960 est
1128 3903 1239 3979 Coptos

133 3976 732 4056 Μα1111111111111111111.1111η11.11257967).
889 3985 936 4038 citt.
958 3983 1040 4037 turba
1061 3983 1099 4036 P:
1120 3980 1183 4055 ripa
1203 3997 1238 4035 tu.

129 4043 314 4121 ὍΑΝΟΡΟ,
333 4055 438 4112 Latina
458 4049 529 4133 ripa'
550 4057 638 4114 solsol.
768 4057 816 4116 47.
837 4057 961 4115 madidis
983 4067 1011 4114 ct
1032 4073 1086 4112 om.
1100 4053 1239 4130 Poridp.

133 4128 180 4185 48.
199 4130 287 4188 blesis
308 4130 400 4207 Pqu.
514 4137 562 4190 51.
583 4135 736 4208 germinum
759 4133 817 4200 boe.
921 4139 968 4192 52.
990 4133 1156 4190 ardentibus
1176 4149 1238 4208 pto:

135 4207 290 4267 amentibus
310 4212 345 4266 P.
423 4212 471 4267 53.
493 4208 598 4268 debinc
617 4209 695 4286 boqg.
775 4215 821 4270 54.
842 4212 917 4270 male
938 4213 970 4268 S.

958 4311 994 4374 ll
