3025 4859
244 354 320 431 358
627 368 790 424 sosoma
808 366 969 421 rursus

331 538 402 605 115.
429 560 587 609 oasvssrs
609 560 673 607 van
695 562 729 607 u.
751 558 828 608 ven.
860 536 950 605 cuius
972 541 1077 603 statua
1100 532 1154 601 uel
1174 553 1355 602 marmorea

244 649 298 717 uel
320 670 420 717 aenea
442 649 491 717 sit.

333 760 403 825 117.
440 783 586 839 suasore
607 783 714 830 eonor.
751 768 789 827 ut
818 758 894 851 quid
921 756 1155 839 sacrificamus,
1189 755 1215 822 si
1237 775 1356 823 uocem

245 892 309 939 non
330 868 483 937 redditis?

222 1011 235 1053 s
334 982 405 1046 119.
428 1004 643 1059 srarvmrovs
667 980 801 1048 Ausum.
822 990 859 1048 ut
879 980 985 1061 uideo,
1004 980 1115 1071 inquit,
1136 980 1220 1045 inter
1240 997 1301 1044 uos
1322 983 1356 1043 ct

247 1088 439 1183 Vagellium,
460 1091 524 1180 qui,
545 1098 581 1159 ut
604 1112 672 1172 uos,
694 1090 913 1160 stultissimam
933 1091 1059 1183 aceepit
1079 1098 1225 1157 statuam.

333 1202 403 1268 120.
427 1222 559 1269 souncrr
571 1224 685 1269 renus.
709 1200 815 1269 ualeat
834 1203 960 1270 adlerre
983 1200 1101 1268 solacia
1115 1196 1274 1266 quenalis
1288 1194 1353 1263 tibi.

334 1312 404 1379 121.
438 1334 481 1377 sr
504 1334 559 1388 nvr
580 1335 642 1381 nso
667 1334 810 1380 crurcos.
849 1313 925 1380 dicit
952 1308 1160 1401 cynichorum
1182 1318 1216 1375 et
1236 1309 1355 1375 stoico·

247 1440 320 1488 rum
342 1422 459 1514 dogma
482 1425 667 1503 conuenire,
699 1432 824 1491 tantum
851 1429 976 1489 uestem
998 1421 1126 1489 distare.
1146 1442 1222 1487 nam
1242 1418 1355 1509 cynica

210 1554 236 1595 ro
249 1540 351 1600 mater
373 1533 471 1600 cresis
493 1535 622 1601 stoicae.
649 1534 751 1623 cynici
775 1532 896 1622 absque
917 1530 1034 1624 palleo,
1057 1538 1169 1599 exerto
1192 1528 1331 1597 brachio.

336 1644 406 1711 122.
428 1667 448 1711 s
472 1666 596 1713 crnrcrs
619 1668 649 1711 r.
671 1668 702 1711 n.
725 1668 788 1714 sorr
802 1642 988 1712 Errcvnvu.
1011 1665 1086 1710 nam
1107 1643 1141 1709 in
1161 1638 1262 1707 hortis
1285 1640 1353 1729 [de]

247 1751 312 1821 otio
335 1762 368 1821 et
389 1752 555 1845 uoluptate
577 1756 725 1846 disputat

335 1866 403 1931 124.
431 1888 563 1934 usorcrs
585 1889 757 1934 rraronrsvs
781 1889 887 1935 neom.
918 1887 977 1956 per
999 1864 1184 1958 allegoriam
1206 1858 1355 1929 sufficere

248 1995 283 2041 se
305 1974 381 2042 dicit
402 1977 435 2043 in
457 1974 612 2044 solacium
635 1978 737 2045 amico
761 1977 912 2045 damnum
934 1978 1098 2045 maerenti.

209 2098 235 2141 ¹⁸
335 2086 405 2153 129.
430 2107 622 2155 curvorum
639 2110 699 2153 sss
714 2110 778 2155 rau.
793 2111 825 2154 n.
853 2088 945 2178 quasi
965 2086 1113 2181 lugentes
1134 2088 1245 2155 ianuas
1266 2082 1356 2153 elau·

247 2192 331 2277 dant,
354 2219 427 2264 cum
450 2196 600 2263 damnum
621 2195 830 2288 pertulerunt

332 2308 404 2374 132.
426 2330 535 2375 rmore
557 2330 577 2375 r.
600 2330 631 2375 rr.
656 2330 684 2375 o.
708 2333 737 2375 v.
761 2332 792 2375 n.
815 2308 873 2375 sed
895 2329 973 2374 uere
995 2306 1151 2399 plangunt
1172 2307 1298 2373 damna.

335 2417 405 2485 133.
428 2440 540 2487 virosa
565 2441 702 2488 coacro.
732 2418 871 2486 lacrimis
893 2418 1035 2485 extortis.
1064 2417 1234 2485 Terentius
1258 2414 1355 2506 [Eun.

246 2523 269 2607 l,
293 2528 320 2609 1,
343 2528 417 2617 22];
445 2524 523 2596 ‘una
545 2527 653 2597 hercle
675 2527 754 2597 falsa
776 2523 958 2596 lacrimula.³
1003 2525 1155 2621 Virgilius
1180 2528 1272 2617 [Aen.
1292 2524 1355 2610 llll,

207 2636 340 2727 ²⁰449J:
363 2633 470 2707 ‘mens
491 2641 611 2708 inmota
633 2648 749 2720 manet,
770 2638 923 2707 lacrimae
944 2638 1118 2708 uoluuntur
1140 2632 1268 2707 inanes?

332 2748 403 2817 136.
426 2774 531 2818 erare
556 2772 720 2817 sausoure.
748 2749 957 2819 cantionibus.

332 2858 402 2925 137.
426 2882 511 2927 vaur
534 2881 744 2927 svesavncvr.
772 2870 892 2953 negant
913 2884 988 2929 suas
1009 2883 1081 2929 esse
1103 2882 1226 2930 manus.

331 2970 401 3037 138.
425 2994 601 3047 osuunovs
624 2992 788 3038 rumores.
812 2974 980 3063 praetiosa.
1065 2974 1192 3065 signum
1213 2994 1318 3040 suum.

332 3078 402 3144 139.
427 3102 632 3149 cvsronrrva
654 3104 802 3150 ssvnurs.
824 3084 900 3174 quia
921 3082 1088 3153 inlocellis
1103 3082 1250 3151 eburneis
1264 3104 1357 3175 gem·

206 3202 233 3245 ²⁸
246 3212 314 3257 mas
336 3187 441 3257 solent
462 3210 628 3280 reponere.

330 3300 400 3366 141.
424 3322 526 3366 srurvs
549 3325 661 3371 ausas.
684 3304 891 3395 prouerbium
913 3302 1056 3396 uulgare.
1079 3303 1110 3371 id
1135 3312 1193 3383 est,
1215 3301 1341 3373 nobilis.

329 3411 399 3479 142.
434 3432 492 3478 uns
514 3433 608 3480 ruas
630 3436 659 3482 r.
684 3438 713 3482 rr.
755 3410 910 3506 Virgilius
941 3415 1040 3505 [Aen.
1061 3413 1122 3497 xl,
1143 3414 1244 3503 372];
1280 3409 1356 3484 ‘uos

243 3520 367 3588 animae
389 3516 487 3591 uiles’

241 3822 270 3879 3.
290 3817 329 3876 ad
350 3818 419 3895 quid
439 3822 613 3879 aaronem.
635 3832 684 3879 aut
705 3825 773 3900 quid
794 3844 819 3883 r.
936 3827 1028 3885 uicem
1049 3829 1107 3886 ΡΒ.
1128 3846 1202 3888 corr.
1225 3830 1356 3903 nornen

241 3914 321 3954 rrum.
344 3896 423 3957 lectt.
447 3901 497 3965 Vr,
519 3902 564 3956 18.
623 3900 651 3959 b.
674 3900 744 3957 nilril
758 3903 876 3961 interest
890 3911 957 3979 post
968 3904 1060 3981 inquit
1073 3903 1140 3962 ado.
1153 3923 1179 3963 s.
1237 3910 1267 3963 6.
1282 3906 1355 3963 stul·

241 3974 367 4033 tissimus
388 3993 417 4050 p.
477 3978 505 4034 9.
528 3985 609 4035 ueste
629 3980 687 4035 PS.
767 3981 1032 4055 cycleae-stoica
1052 3979 1284 4055 Sobnrtzlteisob.

240 4055 288 4110 10.
308 4050 419 4111 heresis
440 4064 532 4111 mater
553 4057 705 4113 Ferrarius
725 4052 759 4113 rte
779 4075 808 4114 re
828 4066 901 4117 uest.
923 4064 949 4129 1,
970 4061 1016 4117 lb.
1125 4063 1236 4135 absque
1256 4061 1356 4120 tunica

241 4127 386 4259 effluo
409 4132 569 4189 Ferrarius.
629 4132 711 4189 stoici
731 4141 799 4209 post
818 4136 936 4193 braclrio
956 4135 1024 4193 cdd.
1047 4137 1077 4195 C.
1090 4136 1192 4194 Bortb.
1247 4142 1295 4195 11.
1316 4138 1355 4198 oe

240 4220 358 4279 o.o.
438 4209 484 4265 14.
506 4210 627 4267 merenti
647 4212 829 4271 P8.oorr.s.
906 4218 954 4273 20.
974 4214 1119 4273 mehercle
1141 4216 1308 4273 Tarentina.
