3025 4859
266 344 341 417 168
641 359 675 410 n.
694 357 783 410 rvnu
802 354 998 409 {munaus

266 551 341 596 cum
362 527 426 592 duo
449 547 542 592 crura
563 525 691 606 habeas,
715 525 875 592 offendere
900 531 946 590 tot
968 519 1098 614 caligas,
1123 530 1170 588 tot

266 638 351 706 milia
373 637 547 705 clauorum.
581 639 651 728 quis
675 646 740 703 tarn
762 634 875 728 procul
897 634 978 701 absit
1000 631 1039 698 ab
1063 629 1165 699 urbe?
1338 641 1380 698 25

265 758 431 841 praeterea
453 749 522 839 quis
547 755 611 814 tam
632 747 778 839 Pylades,
802 747 920 814 molem
942 746 1067 836 aggeris
1092 743 1175 811 ultra
1464 763 1465 842 t

265 869 301 927 ut
323 856 452 928 ueniat?
473 857 623 926 lacrimae
645 861 804 926 siccentur
826 857 979 950 protinus,
1003 863 1034 922 et
1057 876 1092 920 se

150 994 153 999 ’
267 978 476 1038 excusaturos
498 991 563 1035 non
586 970 792 1038 sollicitemus
814 968 943 1045 amicos,

262 1077 327 1148 “da
350 1075 490 1147 testem”
514 1080 612 1147 iudex
634 1105 708 1148 cum
732 1082 853 1147 dixerit
890 1077 1006 1144 audeat
1027 1075 1089 1155 ille,

267 1192 377 1258 nescio
401 1191 481 1279 quis,
503 1215 628 1282 pugnos
651 1195 705 1283 qui
726 1193 813 1272 uidit,
837 1190 942 1256 dicere
960 1182 1085 1267 “uidi'',

268 1310 300 1367 et
322 1298 450 1366 credam
474 1301 604 1392 dignum
626 1301 724 1368 barba
747 1301 942 1393 dignumque
964 1295 1085 1388 capillis

267 1412 431 1478 maiorum.
464 1411 556 1476 citius
578 1411 693 1480 lalsum
715 1410 891 1504 producere
911 1417 1027 1476 testem

268 1530 377 1589 contra
400 1543 561 1612 paganum
583 1524 695 1614 possis,
718 1545 815 1613 quam
838 1543 913 1588 uera
936 1519 1123 1610 loquentem

267 1640 377 1699 contra
399 1632 559 1698 fortunam
583 1634 694 1699 armati
715 1643 889 1723 contraque
912 1629 1078 1722 pudorem.

351 1740 496 1808 Praemia
519 1765 603 1810 nunc
625 1742 686 1810 alia
709 1753 804 1836 atque
826 1741 886 1809 alia
908 1740 1124 1809 emolumenta
1146 1749 1295 1808 notemus
1340 1751 1380 1806 35

267 1861 548 1921 sacramentorum.
583 1852 764 1920 conuallem
785 1854 866 1920 ruris
889 1852 965 1919 auiti

267 1961 431 2054 improbus
454 1971 510 2029 aut
531 1985 680 2054 campum
703 1963 780 2030 milri
802 1965 829 2030 si
851 1965 974 2032 uicinus
997 1962 1116 2029 ademit

269 2084 301 2141 et
323 2097 449 2140 sacrum
472 2074 580 2140 effodit
601 2075 707 2142 medio
731 2075 771 2140 de
792 2074 893 2142 limite
917 2096 1040 2152 saxum,

269 2182 355 2274 quod
376 2207 448 2252 mea
470 2208 543 2252 cum
566 2182 674 2272 patulo
697 2185 795 2252 coluit
817 2184 890 2276 puls
913 2207 1017 2252 annua
1038 2181 1112 2262 libo,
1137 2207 1142 2214 ·

269 2294 394 2362 debitor
416 2304 471 2362 aut
492 2303 636 2386 sumptos
658 2295 763 2387 pergit
783 2317 848 2362 non
869 2295 1004 2362 reddere
1025 2316 1184 2376 nummos,
1340 2305 1381 2364 4ο
1466 2321 1467 2352 r

269 2428 352 2472 uana
375 2407 564 2498 superuacui
587 2406 695 2473 dicens
718 2404 928 2498 chirographa
950 2403 1035 2497 ligni,

268 2517 486 2606 expectandus
509 2517 576 2596 erit,
600 2517 653 2607 qni
674 2514 745 2582 lites
768 2515 903 2598 inchoet,
927 2539 1028 2583 annus

269 2627 367 2692 totius
388 2625 506 2718 populi.
541 2627 597 2694 sed
620 2635 696 2694 tunc
719 2648 848 2717 quoque
871 2626 955 2694 mille
980 2627 1108 2694 terenda

270 2736 384 2817 taedia,
406 2737 493 2804 mille
516 2760 641 2804 morae:
664 2738 780 2803 totiens
803 2735 952 2803 subsellia
976 2746 1098 2804 tantum

270 2855 462 2929 sternuntur,
484 2851 548 2915 iam
571 2846 707 2916 facundo
730 2855 868 2938 ponente
891 2846 1035 2916 lacernas

272 2957 423 3024 Caedicio
446 2967 478 3024 et
499 2959 603 3026 Fusco
626 2960 688 3025 iam
711 2959 919 3038 micturiente,
942 2961 1043 3049 parati

269 3067 471 3158 digredimur,
492 3068 641 3161 lentaque
663 3070 722 3135 lori
744 3091 924 3160 pugnamus
946 3068 1072 3136 harena.

271 3186 320 3243 ast
340 3176 409 3260 illis,
433 3203 514 3271 quos
536 3204 623 3247 arma
645 3188 758 3272 tegunt
781 3187 813 3245 et
834 3176 957 3247 balteus
981 3180 1086 3261 ambit,

270 3289 355 3382 quod
377 3289 528 3382 placitum
550 3299 599 3356 est
620 3290 696 3381 ipsis
718 3297 897 3380 praestatur
918 3299 1044 3382 tempus
1067 3293 1191 3385 agendi,

268 3424 329 3468 nec
349 3425 400 3468 res
422 3401 566 3469 atteritur
587 3399 684 3492 longo
707 3401 884 3467 sufflamine
906 3399 977 3467 litis.
1338 3415 1378 3472 50

266 3591 314 3648 24.
337 3590 395 3647 duo
414 3611 477 3667 pm.-
497 3592 535 3649 du
556 3596 590 3649 P.
748 3591 857 3668 caligas
878 3600 920 3648 tot
940 3608 958 3660 ς
979 3596 1235 3670 Dentpsterlltrur.
1249 3613 1305 3670 rep.
1319 3600 1378 3664 111,

268 3671 306 3724 26
321 3672 422 3741 p.31t.
437 3669 474 3726 ud
489 3671 603 3745 (loripp.
617 3672 720 3745 paea.
731 3673 890 3727 Meroetica
906 3669 982 3744 opud
997 3673 1150 3728 Pricaeum
1166 3671 1302 3748 udApol.
1313 3681 1377 3730 mat.

266 3746 615 3822 p5762carigat0212u.
717 3752 765 3805 29.
788 3765 851 3802 cum
873 3745 924 3818 pf:
948 3765 1032 3822 quern
1054 3767 1088 3806 ro.
1197 3751 1301 3807 dixerit
1340 3769 1379 3807 m:

269 3822 382 3879 duxerit
402 3825 436 3879 P.
567 3827 613 3882 30.
635 3823 706 3880 uidit
728 3823 776 3899 qui
797 3821 894 3898 uodpc.
1025 3829 1072 3884 35.
1094 3826 1150 3883 alia
1171 3769 1338 3886 onuPodrl.
1349 3847 1377 3904 p.

269 3903 316 3958 38.
339 3897 441 3956 effodit
459 3919 519 3976 pm:
540 3899 629 3958 effodi
650 3904 685 3958 P.
770 3904 817 3958 39.
838 3901 938 3978 patulo
959 3900 1031 3973 Pfg:
1053 3903 1150 3960 uetulo
1171 3922 1196 3960 ro
1220 3909 1377 3964 Burmann.

268 3975 435 4034 odPetron.
446 3980 464 4035 1
475 3995 503 4053 p.
515 3983 581 4046 192,
603 3979 699 4036 uetula
720 3994 746 4046 ς.
845 3981 883 4035 42
896 3981 1016 4036 suurn
1026 3978 1064 4037 ud
1080 3983 1161 4056 Verp.
1172 3981 1244 4040 nen.
1259 3986 1377 4050 11,102.

267 4053 383 4110 iuclroat
403 4071 431 4121 ς.
528 4056 576 4114 45.
597 4065 759 4113 sternentur
779 4071 806 4122 ς.
906 4056 962 4112 iam
982 4060 1058 4132 1293:
1079 4068 1137 4114 tum
1158 4077 1193 4116 ω.
1284 4064 1377 4121 lucer-

269 4148 323 4186 nas
342 4146 389 4206 ρς.
407 4141 550 4281 poppone
571 4131 703 4190 lucernas
727 4134 756 4191 G.
770 4131 912 4190 Beothius
922 4132 1009 4192 adure
1021 4138 1105 4206 ΧΗ),
1120 4139 1166 4194 16.
1274 4142 1323 4200 48.
1343 4138 1377 4197 il-

418 4229 428 4266 1
486 4227 532 4285 95.

269 4205 305 4264 lis
325 4225 366 4264 m.-
386 4207 405 4264 il
