3025 4859
609 366 756 421 SATVRA
774 368 807 421 ll.

136 542 206 635 qui
229 538 346 607 Curios
369 535 518 605 simulant
540 545 573 603 et
593 534 807 605 Bacchanalia
828 538 951 605 uiuunt.

135 651 269 719 indocti
292 652 445 742 primum,
468 671 661 740 quamquam
683 646 778 738 plena
801 650 907 715 omnia
929 667 1031 739 gypso

140 760 326 851 Chrysippi
346 762 504 841 inuenias3
526 782 600 826 nam
622 759 871 849 perfectissimus
893 756 1009 825 horum
1033 763 1096 837 est,
1242 760 1261 818 5

139 873 174 938 si
202 872 274 962 quis
297 869 489 937 Aristotelen
511 868 646 937 similem
668 868 722 935 uel
743 868 889 937 Pittacon
914 869 1003 948 emit,

141 992 182 1050 et
206 981 295 1048 iubet
318 980 508 1073 archetypos
531 980 675 1073 pluteum
697 1003 826 1047 seruare
850 978 1031 1047 Cleanthas.

139 1094 264 1160 frontis
286 1091 373 1160 nulla
395 1090 489 1175 fides;
512 1094 581 1185 quis
604 1094 688 1158 enim
710 1114 775 1158 non
797 1091 887 1157 uicus
910 1088 1051 1157 abundat

142 1204 295 1271 tristibus
317 1200 487 1270 obscenis?
518 1204 654 1294 castigas
677 1204 794 1293 turpia,
818 1223 891 1269 cum
914 1201 957 1267 sis

140 1316 234 1383 inter
256 1314 439 1382 Socraticos
460 1315 624 1381 notissima
647 1314 733 1381 lossa
756 1312 914 1379 cinaedos.

141 1427 276 1519 hispida
298 1424 441 1492 membra
462 1424 591 1516 quidem
613 1433 645 1491 et
667 1423 765 1489 durae
787 1447 844 1514 per
866 1422 995 1491 brachia
1018 1430 1106 1491 setae

142 1539 343 1629 promittunt
365 1544 507 1605 atrocem
529 1536 684 1615 animum,
706 1532 764 1599 sed
784 1534 898 1623 podice
922 1533 999 1622 leui·

145 1650 331 1717 caeduntur
352 1647 491 1713 tumidae
513 1646 639 1713 medico
662 1644 784 1712 ridente
807 1646 979 1728 mariscum

145 1783 245 1827 rarus
269 1780 374 1825 sermo
397 1756 458 1823 illis
478 1765 512 1825 et
533 1779 649 1850 magna
669 1753 767 1821 hbido
791 1756 918 1823 tacendi

146 1870 260 1960 adque
283 1868 450 1960 supercilio
471 1868 600 1937 breuior
622 1892 723 1936 coma.
757 1870 866 1936 uerius
889 1889 965 1960 ergo

148 1991 185 2048 et
209 1982 312 2073 magis
333 1981 471 2073 ingenue
492 1977 701 2047 Peribomius.
744 1977 830 2047 hunc
855 2002 915 2072 ego
939 1981 1010 2047 latis

147 2094 282 2184 inputo,
306 2093 359 2183 qui
381 2088 472 2156 uultu
494 2089 642 2157 morbum
663 2092 855 2183 incessuque
877 2093 1002 2159 latetur.

146 2203 269 2270 horum
291 2198 473 2292 simplicitas
496 2200 698 2283 miserabilis,
720 2199 769 2269 his
792 2203 879 2269 luror
902 2204 970 2293 ipse

149 2313 208 2381 dat
230 2314 370 2379 ueniam:
394 2312 452 2379 sed
473 2313 614 2404 peiores,
638 2314 692 2403 qui
714 2310 789 2379 talia
811 2311 918 2379 uerbis

148 2422 302 2491 Herculis
324 2422 477 2489 inuadunt
499 2431 532 2489 et
554 2422 594 2489 de
613 2423 731 2490 uirtute
749 2422 848 2491 locuti

150 2533 282 2602 clunem
304 2536 431 2627 agitant.
472 2529 559 2624 “ego
581 2542 614 2601 te
636 2541 820 2615 carentem,
843 2533 958 2617 Sexte,
982 2528 1162 2601 uereborY'

148 2646 278 2712 infamis
300 2643 439 2712 Varillus
462 2647 513 2726 ait,
532 2640 621 2735 “quo
645 2644 783 2711 deterior
805 2644 860 2713 te?

151 2753 330 2847 loripedem
352 2764 460 2823 rectus
483 2756 641 2837 derideat,
663 2756 854 2847 Aethiopem
876 2754 978 2823 albus.

152 2869 225 2959 quis
248 2865 356 2933 tulerit
377 2865 543 2935 Gracchos
567 2868 607 2935 de
628 2867 782 2934 seditione
804 2866 1000 2958 querentes?

152 2979 226 3069 quis
249 2976 374 3044 caelum
396 2979 487 3043 terris
509 3000 575 3045 non
596 2980 730 3045 misceat
752 2986 785 3043 et
806 3002 894 3047 mare
915 2978 1023 3059 caelo,

152 3089 180 3154 si
200 3089 251 3156 fur
275 3087 440 3180 displiceat
460 3085 570 3171 Verri,
592 3089 753 3157 homicida
776 3086 903 3171 Miloni,

152 3196 288 3266 Clodius
311 3208 441 3267 accuset
463 3200 630 3281 moechos,
654 3199 792 3267 Catihna
815 3198 1010 3293 Cethegum,

150 3310 184 3378 in
206 3308 349 3377 tabulam
371 3310 480 3400 Syllae
503 3313 529 3379 si
553 3311 657 3381 dicant
679 3308 824 3403 discipuli
848 3308 936 3379 tres?

152 3490 181 3546 5.
203 3487 334 3543 inuenies
355 3490 422 3544 Por:
448 3487 579 3545 inuenies
600 3482 656 3553 Σς.
765 3490 793 3543 6.
821 3486 996 3544 Aristotelen
1018 3487 1100 3561 Pap:
1125 3485 1268 3543 Aristote-

153 3564 211 3622 lem
233 3581 268 3621 ω.
367 3564 515 3622 Simmiam
536 3563 584 3621 uel
603 3567 641 3621 II.
665 3563 810 3623 Valesius.
931 3566 986 3621 icta
1008 3564 1132 3621 eonemit
1153 3566 1188 3620 P.

153 3646 182 3701 7.
204 3644 372 3719 puteumII.
386 3640 529 3699 Valesius.
598 3640 739 3697 chaathas
752 3644 787 3709 P,
809 3584 957 3699 eloanllas
973 3659 1031 3718 par.
1092 3644 1119 3699 8.
1137 3640 1226 3697 fronti
1241 3654 1267 3707 ς.

156 3724 204 3777 10.
225 3718 378 3775 Sotadicos
398 3717 540 3793 Leopord.
555 3717 679 3774 emcndd.
694 3722 785 3784 XIII,
798 3724 844 3775 10.
942 3723 989 3779 12.
1010 3718 1135 3797 podicae
1156 3720 1191 3774 P.

159 3799 206 3855 16.
227 3794 405 3852 Peribomius
425 3797 510 3871 parS:
529 3794 699 3851 Peribomus
719 3797 754 3863 P,
775 3795 946 3853 Perihonius
967 3813 994 3863 ς.
1078 3794 1132 3851 hoc
1153 3798 1267 3853 Roseu-

158 3870 253 3944 bmrm,
266 3870 311 3928 die
321 3871 500 3930 Lustseuohe
511 3874 550 3928 im
557 3870 716 3929 Allertbum
730 3890 760 3947 p.
770 3876 825 3929 162
835 3891 877 3949 eq.
956 3878 1001 3933 17.
1024 3891 1108 3948 quem
1120 3874 1254 3945 Ruperti.

159 3950 238 4007 uultu
258 3968 320 4025 por:
340 3950 448 4006 uultum
469 3952 503 4017 P,
524 3948 600 4005 cultu
622 3952 658 4007 II.
675 3948 817 4007 Valesius.
915 3954 962 4009 23.
984 3948 1139 4028 Ethiopem
1159 3952 1194 4006 P.

159 4031 196 4085 24
217 4045 271 4083 orn.
290 4026 464 4084 aenaeae.
481 4045 516 4083 ω.
596 4027 725 4083 Graecos
746 4042 773 4093 ς.
854 4026 1009 4087 seditione*
1031 4034 1197 4101 quaerentes
1208 4028 1243 4083 P.

160 4106 205 4162 25.
216 4106 254 4161 26
275 4103 364 4161 schol.
378 4106 531 4173 LucuniI,
545 4107 611 4162 323.
695 4107 742 4163 26.
765 4104 789 4160 si
808 4102 954 4162 homicida
975 4123 993 4173 ς
1016 4104 1046 4161 (l.
1069 4102 1160 4160 Brulla
1181 4100 1268 4159 adria.

159 4199 226 4238 nse.
250 4182 389 4249 carru,
405 4186 442 4242 19
457 4184 628 4240 Soriueriue.
734 4184 783 4238 27.
805 4180 945 4241 Claudius
966 4198 994 4251 ς.
1110 4182 1158 4240 28.
1179 4178 1267 4239 sobol.

159 4260 273 4317 Laconi
281 4260 308 4329 I,
321 4261 388 4317 326.
466 4257 567 4334 Syllae
587 4261 670 4328 ΡΒςτ
689 4258 790 4317 Sullae
811 4275 846 4317 ω.
