3025 4859
574 376 719 432 sarran
737 379 823 430 xmr.
853 369 855 374 '
1179 358 1254 433 155

145 547 208 616 hoe
229 547 352 615 discunt
375 569 486 613 omnes
508 554 582 614 ante
604 544 697 638 alpha
720 557 751 614 et
774 546 848 614 beta
869 543 1003 638 puellae.

146 657 259 726 talibus
281 661 450 725 instantem
470 657 598 724 monitis
614 661 855 749 'quemcumque
876 665 1041 747 parentem
1191 663 1254 717 210

144 769 190 836 sic
212 790 341 859 possem
363 767 472 834 adlari.
506 767 566 849 dic,
588 791 608 833 o
631 770 812 848 uanissime,
837 767 907 858 quis
930 774 961 834 te

144 881 292 946 festinare
313 875 425 945 iubet?
445 876 612 946 meliorem
633 889 762 969 praesto
784 880 935 970 magistro

145 988 344 1082 discipulum.
376 1010 509 1055 securus
531 986 591 1069 abi,
613 990 759 1072 uinceris,
781 999 817 1057 ut
840 992 922 1056 Aiax

144 1101 307 1193 praeteriit
327 1098 544 1179 Telamonem,
568 1107 602 1164 ut
624 1097 719 1168 Pelea
741 1102 819 1168 uicit
839 1098 988 1168 Achilles.

143 1210 338 1304 parcendum
361 1216 410 1274 est
432 1208 564 1290 teneris;
586 1209 728 1277 nondum
748 1210 924 1302 impleuere
947 1205 1101 1274 medullas
1192 1217 1253 1274 215

144 1331 288 1388 maturae
310 1320 394 1387 mala
415 1319 582 1408 nequitiae.
620 1330 670 1386 ast
687 1345 761 1388 cum
785 1330 912 1412 pectere
935 1318 1067 1388 barbam

144 1433 286 1523 coeperit
308 1440 340 1498 et
361 1429 449 1522 longi
470 1453 657 1498 mucronem
678 1432 845 1498 admittere
868 1430 969 1510 cultri,

143 1542 242 1610 lalsus
265 1544 324 1609 en't
344 1544 442 1622 testis,
465 1542 583 1608 uendet
605 1543 741 1632 periuria
763 1565 888 1608 summa

146 1655 264 1746 exigua
286 1662 319 1720 et
340 1652 468 1720 Cereris
490 1663 623 1745 tangens
645 1675 797 1743 oramque
819 1652 1005 1744 pedemque.

146 1763 263 1830 elatam
284 1765 348 1829 iam
371 1765 465 1832 crede
487 1787 612 1844 nurum,
635 1765 661 1830 si
682 1762 789 1830 limina
811 1772 919 1830 uestra
1191 1775 1255 1828 220

145 1874 308 1942 mortifera
330 1895 404 1940 cum
427 1874 501 1941 dote
522 1873 614 1942 subit.
649 1873 764 1966 quibus
785 1873 837 1940 illu
858 1882 1021 1966 premetur

145 2009 203 2077 per
224 2006 373 2051 somnum
395 1985 508 2076 digitis.
541 2009 615 2052 nam
638 2008 720 2076 quae
743 1993 891 2076 terraque
913 1985 1055 2076 marique

146 2094 340 2186 adquirenda
363 2103 465 2185 putas,
489 2094 617 2162 breuior
639 2098 690 2162 uia
714 2097 857 2162 conseret
878 2094 936 2162 illi:

146 2205 253 2274 nullus
275 2207 360 2272 enim
381 2207 488 2297 magni
508 2205 639 2273 sceleris
658 2204 758 2272 labor.
787 2201 892 2274 “haec
915 2227 975 2298 ego
997 2227 1171 2296 numquam

147 2312 325 2396 mandaui,''
350 2317 437 2385 dices
459 2315 544 2398 olim,
563 2312 649 2384 “nec
671 2314 744 2382 talia
768 2311 892 2402 suasi.’',
1192 2326 1253 2382 225

145 2428 262 2495 mentis
284 2450 380 2496 causa
403 2427 505 2494 malae
528 2437 634 2494 tamen
657 2437 760 2494 estet
782 2429 870 2520 origo
894 2450 991 2518 penes
1014 2434 1064 2508 te;

146 2561 221 2606 nam
245 2540 387 2630 quisquis
410 2539 515 2630 magni
537 2560 653 2604 census
675 2541 838 2628 praecepit
858 2560 1000 2606 amorem

147 2660 179 2717 et
197 2650 295 2717 laeuo
317 2652 439 2718 monitu
461 2671 578 2741 pueros
600 2649 747 2739 producit
768 2670 890 2729 auaros,

148 2761 271 2853 [etqui
293 2783 351 2850 per
373 2760 499 2828 fraudes
520 2761 705 2851 patrimonia
729 2758 967 2849 conduplicare]

147 2871 200 2938 dat
221 2869 402 2937 libertatem
426 2880 458 2937 et
479 2879 562 2936 totas
583 2870 715 2937 effundit
736 2870 876 2936 habenas
1195 2881 1257 2936 230

147 2980 316 3062 curriculo,
339 3004 435 3071 quern
457 2981 483 3047 si
504 3003 648 3062 reuoces,
672 2980 845 3047 subsistere
866 2983 967 3048 nescit

146 3101 178 3159 et
199 3101 232 3159 te
257 3099 441 3182 contempto
462 3091 582 3181 rapitur
604 3093 761 3182 metisque
783 3091 909 3159 relictis.

146 3225 243 3270 nemo
266 3203 341 3268 satis
364 3202 464 3270 credit
486 3210 608 3272 tuntum
631 3201 824 3294 delinquere,
847 3211 1000 3293 quantum

147 3315 327 3405 pennittas3
350 3314 430 3380 adeo
452 3310 617 3404 indulgent
639 3313 697 3379 sibi
718 3313 812 3381 latius
833 3315 902 3404 ipsi.

149 3610 214 3668 209.
237 3604 297 3664 alfa
318 3608 351 3663 P.
373 3605 396 3660 Α
417 3614 446 3662 et
464 3603 490 3659 B
511 3603 578 3672 aug.
680 3607 746 3661 211.
768 3621 883 3681 possem
904 3603 974 3676 ΡῙςε
997 3623 1112 3682 possum
1134 3623 1168 3673 ω,
1188 3624 1259 3682 pos·

150 3686 202 3741 sim
223 3699 271 3750 υς.
363 3686 429 3740 216.
450 3691 629 3749 maturaeg:
650 3691 770 3739 naturae
790 3684 850 3748 Pro,
871 3685 985 3740 natiuae
1006 3698 1033 3749 ς.
1112 3683 1259 3758 nequitiae

151 3771 196 3819 nst
206 3779 269 3818 cum
281 3773 311 3826 ςε
331 3760 460 3833 nequitia
473 3767 518 3816 est
527 3779 590 3816 cum
604 3759 653 3831 Pf,
674 3759 820 3833 nequitiae
831 3777 894 3816 cum
905 3779 959 3835 por.
1033 3763 1098 3817 217.
1112 3759 1190 3834 longi
1200 3775 1259 3836 pro:

150 3837 236 3914 longe
257 3841 292 3894 P.
370 3841 437 3895 219.
458 3845 487 3894 et
507 3854 562 3893 oar.
583 3835 677 3910 odfpg.
734 3839 801 3892 221.
823 3847 988 3913 praemetiu
1005 3839 1040 3895 P.
1118 3841 1185 3895 223.
1207 3855 1260 3894 an·

152 3914 293 3990 quirenda
312 3912 534 3972 Stoaoarlriuscd
547 3914 751 3989 Apulpdffl.
775 3915 956 3990 Granpnaue.
1089 3924 1172 3992 putes
1193 3929 1222 3982 ς.

151 3996 219 4050 224.
240 3991 350 4052 haece
371 4011 388 4047 ο
409 4009 563 4066 numquam
584 3990 751 4049 onnPodd.
764 4010 792 4068 p.
968 3995 1035 4050 226.
1056 3991 1122 4048 leno
1142 3995 1177 4049 P.

152 4072 207 4127 220
218 4087 274 4126 ana.
294 4009 407 4144 utrisq,
425 4071 556 4144 spurium
567 4067 698 4128 iudicant
709 4072 840 4146 Ruperti,
850 4074 973 4144 Pinzger
984 4068 1017 4126 de
1027 4086 1088 4126 aas.
1099 4087 1178 4144 spur.
1193 4073 1260 4146 p.7.

151 4145 299 4204 Heinrich.
422 4145 620 4223 conduplicari
638 4149 692 4212 Ρς.
847 4151 914 4206 230.
936 4156 965 4204 et
986 4145 1221 4204 deleltaialra.

151 4227 217 4281 232.
239 4225 391 4301 medioque
410 4225 446 4281 P.
