3025 4859
586 389 733 442 SATVRA
751 387 799 440 Vl.
830 383 834 396 '

141 558 304 628 hibernum
325 559 424 626 traca
446 555 550 649 glacie
572 556 744 624 descendet
765 555 798 622 in
819 575 960 634 amnem,

140 679 186 737 ter
206 670 361 736 matutino
383 668 492 735 Tiberi
512 673 676 760 mergetur
698 674 731 733 et
751 665 828 756 ipsis

139 779 307 848 uerticibus
329 779 473 846 timidum
495 785 592 869 caput
612 775 733 856 abluet,
753 775 828 842 inde
850 771 978 864 superbi

139 898 238 957 totum
260 891 344 982 regis
366 913 480 982 agrurn
500 888 585 956 nuda
607 909 645 954 ac
665 884 866 952 tremibunda
889 882 1028 951 cruentis
1177 883 1239 944 525

138 1008 246 1091 erepet
265 997 414 1092 genibus,
436 1000 464 1064 si
485 997 618 1066 candida
639 996 766 1062 iusserit
786 992 836 1075 lo,

136 1107 192 1175 ibit
213 1109 254 1175 ad
275 1110 415 1201 Aegypti
435 1107 531 1176 finem
552 1105 717 1196 calidaque
738 1105 854 1197 petitas

136 1217 285 1286 allleroe
306 1217 445 1309 portabit
465 1241 578 1310 aquas,
600 1224 636 1284 ut
656 1221 785 1307 spargat
806 1214 838 1280 in
860 1212 972 1282 aedem

134 1326 235 1410 Isidis,
259 1330 387 1421 antiquo
410 1353 492 1422 quae
513 1328 660 1421 proxima
682 1327 784 1417 surgit
806 1323 890 1390 ouili.

134 1440 234 1507 credit
256 1441 340 1508 enim
361 1442 462 1532 ipsius
484 1439 629 1506 dominae
652 1459 687 1504 se
709 1457 792 1502 uoce
815 1433 945 1500 moneri.
1178 1440 1242 1498 530

133 1571 173 1616 en
194 1551 333 1618 animam
355 1560 388 1618 et
408 1557 563 1630 mentem,
586 1561 661 1615 eum
682 1567 745 1638 qua
769 1544 799 1611 di
820 1552 916 1612 nocte
936 1540 1120 1635 loquantur!

135 1683 211 1753 ergo
234 1659 287 1728 bic
307 1662 514 1753 praecipuum
535 1680 759 1749 summumque
780 1662 920 1724 meretur
940 1651 1108 1734 honorem,

133 1774 186 1863 qui
207 1795 307 1864 grege
327 1770 461 1865 linigero
484 1768 699 1837 circumdatus
722 1775 755 1832 et
777 1787 876 1858 grege
899 1762 992 1832 caluo

130 1879 311 1974 plangentis
330 1879 441 1972 populi
463 1881 560 1946 currit
581 1879 701 1945 derisor
722 1873 853 1944 Anubis.

130 1989 182 2058 ille
203 1993 286 2084 petit
305 1991 445 2070 ueniam,
468 1990 613 2081 quotiens
634 2009 699 2054 non
721 1986 859 2053 abstinet
880 2006 962 2052 uxor
1174 1995 1236 2058 535

131 2101 305 2170 concubitu
326 2101 425 2168 sacris
448 2097 719 2189 obseruandisque
742 2096 868 2176 diebus,

129 2233 310 2303 magnaque
333 2209 466 2277 debetur
487 2208 605 2276 uiolato
627 2230 731 2299 poena
754 2207 909 2286 cadurco,

130 2329 161 2387 et
181 2320 325 2388 mouisse
346 2328 443 2412 caput
464 2321 534 2386 uisa
556 2327 605 2384 est
625 2325 776 2410 argentea
798 2339 939 2409 serpens.

126 2430 210 2498 illius
232 2429 383 2497 lacrimae
406 2429 622 2519 meditataque
644 2451 806 2496 murmura
829 2437 989 2519 praestant

127 2549 163 2607 ut
183 2540 314 2607 ueniam
335 2538 449 2631 culpae
470 2561 535 2606 non
557 2538 676 2605 abnuat
697 2561 810 2606 ansere
832 2561 949 2631 magno
1175 2549 1237 2610 540

127 2649 251 2718 scilieet
273 2657 305 2715 et
325 2649 412 2716 tenui
433 2671 561 2740 popano
584 2658 753 2740 corruptus
775 2647 885 2714 Osiris.

127 2783 200 2828 cum
223 2759 314 2827 dedit
333 2757 387 2826 ille
408 2757 530 2840 locum,
553 2759 689 2851 cophino
713 2761 850 2851 fenoque
872 2758 982 2830 relicto

126 2893 278 2939 arcanam
299 2867 416 2937 ludaea
437 2877 578 2937 tremens
599 2870 758 2938 mendicat
778 2872 810 2937 in
833 2893 959 2953 aurem,

125 2981 285 3073 interpres
304 2979 414 3072 legum
435 2979 642 3069 Solymarum
665 2988 697 3046 et
718 3003 836 3072 magna
858 2980 1007 3048 sacerdos

127 3089 250 3159 arbaris
272 3110 311 3156 ac
333 3089 449 3156 summi
470 3087 532 3157 fida
553 3091 743 3158 internuntia
766 3091 855 3158 caeli.
1174 3103 1236 3162 545

126 3291 192 3350 524.
213 3290 373 3348 uerticibus
385 3293 451 3347 Po.-
471 3291 626 3348 uortieibus
647 3306 674 3358 ς.
753 3293 820 3349 526.
842 3297 943 3367 erepet
963 3307 1004 3346 ar:
1024 3294 1226 3367 ereptetr’se.

127 3373 193 3427 527.
213 3369 269 3425 ibit
284 3368 369 3443 parS:
389 3367 428 3423 ibi
443 3371 478 3424 Ρ.
557 3367 710 3443 calidaque
723 3370 780 3442 Pp:
800 3366 968 3442 calidaeque
982 3384 1016 3422 ω.
1082 3371 1148 3426 528.
1167 3387 1238 3445 por-

126 3446 197 3504 tabit
215 3462 278 3521 par:
299 3444 411 3521 potabit
426 3447 479 3518 Pp.
594 3448 660 3504 529.
681 3445 799 3518 antiquo
820 3475 857 3484 -
878 3443 947 3499 ouili
967 3444 1085 3501 Suetus
1101 3443 1138 3502 ad
1153 3449 1236 3520 Vera.

127 3522 171 3580 eol.
183 3527 211 3592 1,
222 3522 274 3580 34.
405 3524 463 3579 530
478 3523 610 3598 oportum
628 3529 721 3578 oraret
734 3519 894 3578 Poldomue
911 3519 1066 3597 (Zetteoltr.
1078 3519 1101 3592 f.
1112 3522 1238 3580 Alter-tlt.

129 3603 218 3657 Wm.
233 3601 312 3657 1838
322 3614 351 3672 ρ.
363 3596 463 3672 1143).
562 3601 629 3656 531.
645 3598 801 3672 loquuntur
820 3613 848 3665 ς.
946 3599 1012 3654 533.
1034 3597 1155 3674 linigero
1176 3599 1239 3656 aba)

126 3679 164 3734 N.
171 3677 313 3734 Heiutus
324 3672 363 3730 ad
372 3673 456 3732 Ouid.
469 3694 496 3732 a.
509 3678 630 3747 arar:
650 3675 778 3750 lanigero
789 3673 882 3732 adeor.
893 3674 1014 3748 linigero
1025 3678 1060 3744 P,
1076 3675 1204 3751 lanigero
1218 3695 1239 3734 o

128 3749 281 3826 (eroon.)
297 3748 379 3825 odfpe
395 3749 476 3826 prob.
488 3751 636 3809 Pithoeus.
729 3769 816 3826 grege
832 3770 866 3824 p:
886 3769 971 3825 grece
985 3747 1026 3807 Ρ.
1103 3755 1161 3810 534
1172 3755 1241 3810 Sor·

127 3833 194 3888 utus
203 3827 246 3888 ud
259 3831 342 3900 Vero.
352 3827 425 3884 Aen.
435 3831 455 3885 1
457 3831 490 3902 V,
502 3833 570 3888 609.
669 3827 789 3884 derosor
799 3831 835 3884 L.
847 3828 1001 3902 Pignorius
1014 3846 1111 3903 expos.
1124 3846 1240 3888 nicaeae

127 3909 244 3964 Idaeae
258 3922 288 3980 p.
300 3907 347 3961 63.
461 3909 528 3964 537.
552 3903 676 3961 cadurco
692 3901 750 3978 Psy
767 3902 879 3962 Probus
889 3902 950 3961 aod.
963 3907 1000 3961 lt.
1014 3905 1167 3980 Stephani:
1188 3925 1237 3962 ca·

130 3982 223 4040 doceo
235 4000 263 4038 ω
274 3980 313 4053 of.
324 3984 450 4038 Pontou.
462 3980 502 4039 od
510 3979 643 4039 Macrob.
654 3985 801 4049 sot.1‚2l.
825 3979 1009 4055 Oudendorp.
1022 3980 1060 4038 ad
1070 3982 1159 4058 Apul.
1171 3989 1240 4039 met.

128 4062 213 4136 Κίρ.
221 4061 292 4118 776.
356 4062 423 4117 5311.
439 4059 574 4116 lacrimae
591 4076 630 4115 w:
650 4057 767 4116 lacrime
777 4061 811 4126 P,
826 4058 950 4114 lacrimis
962 4055 1039 4124 bede.
1103 4063 1168 4116 541.
1184 4078 1240 4136 po·

128 4139 288 4272 524οὲἓέ
306 4133 649 4290 ttsstttbl‘tn
668 4133 762 4268 ppo
781 4133 1186 4272 '’tldttlal‘lbtn

186 4254 195 4270 .
329 4253 336 4268 ι
527 4253 536 4282 ,
697 4243 733 4268 a·
871 4251 877 4268 ·
1188 4251 1196 4270 ι
