3025 4859
587 414 734 470 sanius
750 413 798 467 xl.

141 594 247 643 coram
269 574 338 643 aliis
360 576 475 647 dicicm
497 605 607 673 puero,
630 584 687 651 sed
708 586 835 651 inaure
857 578 1030 671 placentas

139 706 212 753 nam
233 708 308 754 cum
330 689 373 755 sis
395 692 531 759 conuiua
552 693 627 760 mihi
649 696 833 785 promissus,
856 688 987 758 habebis

138 793 331 880 Euandrum,
354 802 463 868 uenies
485 801 669 893 Tirynthius
691 814 746 872 aui
768 804 869 870 minor
889 798 943 866 illo

139 902 256 999 hospes
278 918 310 975 ei
331 912 400 1002 ipsc
423 920 528 980 tamen
550 916 736 1008 contingens
760 913 914 1005 sauguine
935 908 1070 990 caelum,

138 1017 216 1087 alier
238 1022 337 1112 aquis,
360 1021 440 1091 alter
462 1024 597 1091 dammis
620 1026 659 1093 ad
682 1025 786 1092 sidera
808 1024 933 1089 missus.

115 1129 259 1199 'fercula
280 1154 364 1200 nunc
387 1133 458 1201 audi
480 1134 574 1202 nullis
596 1144 705 1204 omaia
728 1131 880 1200 macellis.

139 1240 178 1308 de
199 1240 366 1311 Tiburtino
389 1246 496 1311 ueniet
517 1246 741 1337 pinguissimus
765 1266 843 1336 agro

136 1350 291 1419 haedulus
314 1362 347 1420 ei
367 1362 436 1421 tolo
458 1379 556 1449 grege
579 1354 713 1437 mollior,
736 1356 853 1422 inscius
875 1352 1001 1433 herbae,

138 1463 276 1530 necdum
299 1486 395 1531 ausus
417 1467 523 1559 uirgas
546 1466 672 1533 humilis
694 1466 843 1531 mordere
865 1462 975 1543 salicti,

139 1574 190 1666 qui
212 1572 285 1665 plus
307 1572 398 1643 lactis
420 1575 515 1645 habel
538 1600 633 1668 quam
656 1576 825 1667 sanguinis,
849 1582 881 1641 ei
901 1574 1043 1641 montani

139 1686 294 1777 asparagi,
316 1686 419 1777 posito
443 1710 524 1779 quos
547 1687 624 1781 legit
646 1685 739 1755 uilica
762 1687 843 1751 fuso.

137 1796 267 1887 grandia
290 1806 453 1887 praeterea
475 1806 625 1890 tortoque
648 1797 782 1865 calentia
805 1796 897 1861 faeno

138 1927 198 1973 oua
218 1905 333 1973 adsunt
354 1909 431 1998 ipsis
453 1932 526 1976 cum
549 1906 709 1988 matribus,
733 1916 766 1973 et
788 1915 934 1973 seruatae

135 2025 224 2108 parte
248 2018 330 2098 anni,
352 2018 463 2109 quales
486 2020 610 2085 lucrant
630 2019 663 2085 in
685 2016 811 2097 uiiibus,
832 2038 926 2096 uuae,
958 2060 964 2073 ›

137 2124 305 2218 Signinum
327 2129 520 2221 Syriumque
542 2130 653 2220 pirum,
678 2128 717 2195 dc
740 2125 889 2195 corbibus
909 2126 1011 2193 isdem

135 2235 263 2304 aemula
285 2236 409 2307 Picenis
432 2248 464 2306 et
485 2240 592 2307 odoris
614 2237 697 2305 mala
721 2228 866 2318 recentis,

135 2368 195 2415 nec
217 2347 389 2415 metuenda
411 2348 475 2430 libi,
499 2350 653 2417 siccatum
676 2350 794 2440 frigore
814 2357 984 2440 posiquam

137 2465 325 2525 autumnum
349 2468 381 2524 ct
404 2459 492 2527 crudi
514 2481 650 2550 posuere
673 2458 814 2549 pericula
836 2460 913 2526 suci.

135 2568 214 2638 haec
237 2569 315 2638 olim
337 2570 437 2635 nostri
457 2571 520 2636 iam
544 2568 704 2636 luxuriosa
727 2578 856 2635 senalus

137 2702 234 2748 caena
258 2678 326 2749 luit.
358 2676 474 2746 Curius
496 2700 597 2771 paruo
621 2702 702 2770 quae
724 2678 847 2770 legerat
867 2680 970 2762 horto,

136 2791 202 2882 ipse
225 2789 307 2857 locis
329 2787 478 2856 breuibus
501 2789 640 2881 ponebat
660 2789 835 2871 holuscula,
857 2814 939 2882 quae
960 2814 1045 2860 nunc
1138 2809 1144 2817 “

136 2898 301 2993 squalidus
321 2900 354 2965 in
377 2922 492 2991 magna
515 2900 632 2967 lastidii
654 2900 811 2992 compede
832 2902 945 2983 fossor,

136 3014 188 3103 qui
210 3011 364 3090 meminit,
386 3008 507 3078 calidae
529 3012 631 3102 sapiat
653 3010 727 3101 quid
748 3009 846 3079 uulua
868 3013 1012 3104 popinae.

135 3123 210 3191 sicci
231 3131 323 3213 terga
347 3121 421 3202 suis,
443 3144 513 3187 rara
536 3121 703 3213 pendentis
726 3131 822 3203 crate,

136 3232 230 3300 moris
254 3239 324 3299 emi
345 3232 504 3322 quondam
528 3234 615 3299 iestis
637 3255 766 3300 seruare
787 3231 898 3300 diebus

137 3545 183 3603 59.
203 3542 257 3601 sed
279 3559 339 3619 pro:
357 3570 395 3597 a..
414 3544 449 3599 P.
500 3561 549 3601 ore
571 3560 598 3609 ς.
649 3546 695 3601 61.
717 3544 848 3618 tirytbius
868 3547 903 3601 Ρ.
951 3546 1042 3620 62sq.
1064 3546 1246 3605 et—missus

138 3620 257 3679 Seruius
271 3619 310 3676 ad
324 3622 405 3695 Varp.
420 3620 493 3676 Aoo.
509 3622 560 3688 Vl,
571 3624 637 3678 332.
735 3622 798 3698 ipse
819 3621 887 3677 mihi
907 3623 1035 3679 Sessias.
1132 3625 1246 3682 contin·

137 3714 206 3773 geas
227 3701 297 3755 Pio:
318 3697 456 3771 contingit
476 3694 557 3769 pds.
700 3700 737 3755 63
751 3698 923 3755 Seruiasod
936 3702 1018 3773 Vera.
1030 3700 1104 3758 Am.
1116 3704 1170 3770 W,
1180 3704 1246 3771 619,

136 3778 370 3850 spuriumosnsci
385 3775 527 3832 Heinrich.
656 3774 703 3832 64.
726 3784 839 3852 portata
849 3774 1001 3846 Schrader,
1017 3796 1133 3835 corrasa
1143 3777 1247 3838 iooobs

136 3857 252 3911 coimm-
268 3849 348 3909 arith.
362 3854 414 3911 Gr.
429 3856 487 3921 ΠΙ,
501 3857 519 3909 2
532 3873 560 3928 p.
571 3856 617 3921 18,
637 3862 756 3910 onerata
773 3857 882 3910 Mauso
892 3871 978 3911 osma.
991 3852 1134 3929 Abhdlpsu
1142 3874 1171 3931 p.
1178 3860 1246 3915 250.

137 3931 182 3986 66.
203 3930 264 3987 loto
286 3930 327 3985 N.
340 3931 477 3987 Heinsius
490 3928 527 3987 od
538 3929 623 3988 Ouid.
637 3926 707 3999 fosi.
719 3933 795 3997 ΠΗ,
805 3934 872 3989 758.
990 3933 1037 3988 67.
1059 3932 1159 3990 uiridis
1178 3951 1207 4008 9.

136 4007 181 4064 68.
203 4007 291 4063 uilica
312 4004 397 4081 Pofp:
420 4006 515 4063 uillica
534 4026 590 4081 por.
680 4010 728 4065 70.
749 4006 837 4065 saeuo
857 4006 923 4082 Psy.
1020 4011 1068 4066 7³.
1088 4028 1190 4087 pyrum
1210 4013 1246 4069 P.

135 4086 181 4141 76.
202 4086 265 4141 suci
287 4084 345 4141 ΡΒ.
462 4086 653 4142 80Prisciaa.
672 4086 826 4153 V1‚10‚56
839 4089 943 4161 p.703.
1050 4086 1183 4164 conpede
1202 4086 1227 4160 f.

135 4165 167 4221 81
181 4162 329 4219 Priscian.
346 4164 428 4230 ΗΠ,
438 4164 466 4229 7,
480 4165 517 4219 37
531 4162 633 4236 gadol.
768 4162 837 4237 quid
856 4180 917 4238 psa:
937 4162 987 4238 qui
1006 4164 1040 4230 P,
1062 4166 1124 4238 quit
1140 4182 1169 4239 g.

139 4237 223 4296 uolua
243 4236 286 4312 sp.
384 4242 431 4298 82.
453 4246 531 4296 crate
551 4256 612 4314 pm.-
631 4246 704 4297 *aare
724 4242 758 4308 P,
778 4248 859 4314 grate
879 4241 913 4313 8,
933 4248 1034 4315 gratae
1053 4237 1094 4314 sp.
