3025 4859
593 358 740 412 servan
759 357 803 409 v1.
1183 343 1256 418 251

233 526 307 595 271.
345 545 487 593 occvurr
510 546 642 593 corson
664 548 770 593 raom.
807 524 934 616 quando
964 524 1022 591 sibi
1051 532 1099 591 εει
1120 526 1280 637 criminis&

148 637 292 717 conseia,
321 644 397 703 tunc
417 633 576 704 blanditur
602 644 658 705 aut
678 634 768 727 lingit
788 634 892 715 lletus,
915 635 1023 703 dicens
1045 657 1081 703 se
1104 656 1123 701 a
1145 636 1258 703 marito

148 748 229 813 odiri
251 754 284 813 et
304 746 399 813 aliam
421 768 496 813 eum
517 768 646 827 amare,
667 754 744 812 tunc
766 752 799 810 et
820 742 908 811 lilios>
921 746 1129 835 persequitur.
1198 766 1205 775 ¹

233 856 632 924 2741nsrnrrounsva.
655 858 809 922 metalora
831 876 850 919 a
872 853 1030 922 militibus.
1127 876 1160 923 nt
1182 879 1258 921 sra-

148 987 257 1032 moua.
280 968 429 1058 quoniam
451 964 566 1031 milites
588 986 715 1055 semper
742 961 1030 1031 adambulandum
1052 967 1154 1057 parati
1175 974 1257 1047 sunt,
1283 982 1296 1023 ⁵

148 1097 352 1167 quacumque
373 1074 434 1142 illis
455 1073 534 1141 hora
554 1072 708 1141 iubeatur.

235 1185 309 1251 275.
336 1207 399 1263 ovo
419 1207 537 1251 russas
559 1204 698 1251 unsrun.
726 1182 759 1251 id
782 1191 840 1264 εει,
861 1184 905 1249 ita
926 1181 1045 1253 habent
1066 1193 1191 1276 paratas
1212 1186 1260 1255 la·

147 1294 264 1362 εήωεε
283 1294 448 1375 mulieres,
470 1300 506 1359 ut
527 1292 798 1384 quemadmodum
814 1292 942 1361 iubeant
964 1294 1010 1362 sic
1032 1304 1167 1376 currant,
1188 1318 1259 1364 rare

148 1426 190 1471 ac
209 1404 354 1471 multum.
1125 1385 1130 1413 ⁵

233 1515 308 1580 276.
336 1536 381 1579 nv
403 1535 471 1580 omi
492 1534 580 1579 ruso
602 1533 721 1580 vavor.
744 1508 853 1582 Vruca
874 1512 1040 1606 mimologi
1061 1517 1178 1607 stupidi
1200 1538 1258 1586 no·
1272 1540 1298 1579 ro

148 1646 235 1692 men.
271 1622 372 1703 linxit,
402 1623 476 1714 quia
497 1623 606 1703 ferme,
634 1622 724 1713 quasi
746 1621 928 1713 lrequenter
950 1621 1038 1705 lallit,
1061 1647 1136 1693 cum
1157 1632 1259 1720 magis

149 1740 185 1800 et
204 1754 374 1822 personam
394 1732 507 1799 mariti.
593 1730 656 1815 uel,
679 1738 715 1798 ut
736 1730 789 1797 alii
810 1731 927 1813 dicunt,
948 1756 1049 1825 genus
1070 1743 1121 1803 est
1141 1738 1260 1803 anima·

148 1841 190 1909 lis
211 1841 296 1909 loedi
318 1842 445 1932 spinosi,
467 1850 504 1908 ut
525 1843 648 1909 ericius.
734 1862 835 1909 uruca
862 1850 970 1912 autem
1001 1852 1050 1911 est
1075 1844 1201 1936 proprie
1222 1846 1260 1913 il·

149 1951 206 2021 lud
227 1949 314 2042 quod
334 1952 367 2017 in
388 1950 460 2017 laba
481 1952 629 2031 nascitur,
651 1950 704 2017 uel
726 1952 883 2042 gurgulio.

236 2060 310 2126 278.
333 2082 361 2127 s1
383 2081 449 2126 mer
472 2081 640 2129 nonomen.
664 2059 864 2128 exclamatio.
889 2066 979 2155 quasi
994 2064 1120 2155 pudice,
1141 2065 1184 2133 ita
1206 2089 1259 2135 ae·
1272 2094 1297 2134 rs

148 2171 259 2263 lotipe.

235 2282 307 2346 279.
342 2304 403 2347 sun
422 2304 520 2349 mcor
542 2303 576 2347 m
597 2300 702 2348 εεενι.
734 2278 851 2363 liberti,
880 2284 935 2372 qui
961 2283 1001 2351 ad
1027 2282 1110 2353 hanc
1137 2288 1261 2355 uenerit

147 2388 337 2458 libertatem.

236 2500 310 2565 280.
332 2498 551 2584 erarmnue
569 2523 728 2569 cononum.
751 2498 964 2585 Quintilianus
986 2517 1092 2571 orator
1113 2506 1261 2597 egregius

148 2608 206 2677 illo
228 2616 380 2699 tempore.
406 2632 483 2699 ergo
506 2612 595 2701 quasi
617 2611 658 2677 ad
678 2612 784 2701 ipsum
806 2608 956 2701 loquitur:
986 2606 1055 2681 ‘dic
1077 2622 1184 2681 orator
1205 2636 1260 2681 co·
1273 2633 1300 2673 ευ

149 2726 251 2788 lorcin
273 2718 313 2785 ad
334 2718 549 2786 defensionem
570 2719 664 2787 liuius
686 2714 822 2786 causae?

235 2830 309 2895 281.
330 2852 482 2896 uansnvs
495 2852 549 2897 mc
567 2851 588 2895 r.
609 2837 772 2919 tamquam
784 2836 891 2895 orator
900 2833 1107 2923 responderit
1183 2857 1263 2904 cos·

149 2960 304 3005 vennam
325 2961 446 3015 moveo.
469 2937 583 3007 mulier
603 2960 698 3005 suum
720 2937 838 3005 crimen
861 2940 1010 3009 delendit.

235 3046 310 3115 282
341 3071 386 3114 vr
407 3071 550 3115 rucanas
573 3070 627 3115 av.
658 3048 702 3114 ita
724 3048 887 3115 internos
908 3050 1039 3142 placati,
1068 3054 1261 3145 utquisque

149 3174 211 3247 pro
233 3155 398 3224 uoluntate
420 3178 487 3238 sua,
508 3155 595 3249 quod
617 3155 703 3236 uelit,
724 3159 829 3225 faciat.
1271 3190 1298 3233 aa

236 3265 309 3331 284.
332 3288 517 3334 courvnoas
538 3290 628 3335 nouo
650 3291 723 3335 svn.
745 3276 820 3334 nata
841 3291 912 3335 sum
935 3278 971 3336 ut
991 3294 1134 3362 peccem.

236 3373 311 3441 285.
332 3396 505 3443 nururusrs
527 3398 605 3444 rann
626 3400 657 3443 r.
679 3397 741 3443 mr.
763 3376 796 3444 id
819 3385 876 3458 est,
898 3386 1051 3469 quantum
1063 3380 1200 3471 ingentis
1213 3388 1262 3445 εει

149 3489 283 3563 crimen,
304 3482 390 3571 quod
411 3485 592 3566 admittitur,
615 3492 703 3553 tanto
723 3486 940 3577 deprehensae
961 3488 1114 3555 maiorem
1128 3487 1264 3558 induunt

149 3592 193 3659 ad
216 3592 450 3660 defendendum
473 3594 646 3661 audaciam.

151 3787 201 3841 11.
223 3784 290 3858 quia
309 3781 434 3840 feminas
454 3783 625 3859 frequenter
641 3786 780 3843 Eremito.
814 3804 898 3861 quem
928 3786 1109 3848 leminosus
1134 3790 1176 3849 sic
1200 3790 1261 3848 sre-

149 3870 277 3935 qoeuter
295 3858 372 3915 fallit
392 3861 423 3917 6.
443 3860 543 3919 Bortlt.
577 3862 627 3936 qui
651 3880 669 3917 a
693 3861 802 3919 semina
828 3882 880 3921 sua
901 3864 943 3921 sic
963 3864 1133 3940 frequenter
1152 3866 1262 3923 l'allitur

150 3932 385 4008 Solurtzllrieola.
464 3956 527 3993 com
548 3941 608 4013 agit
625 3956 656 4011 p.
685 3957 749 3994 curn
771 3938 907 4014 imagiuet
925 3944 1064 4001 Eremitu.
1085 3961 1148 3999 cum
1168 3960 1215 3999 ma
1236 3942 1260 3999 i·

149 4020 224 4070 strat
247 4014 278 4069 0.
292 4012 394 4070 Bortla.
416 4031 479 4070 cum
494 4014 610 4071 asciscit
621 4011 849 4087 Sodurtzlleiacd.
909 4018 955 4075 14.
978 4028 1008 4073 ut
1022 4021 1079 4075 PS.
1138 4022 1186 4076 22.
1209 3960 1261 4077 de·

149 4088 304 4165 sponderit
321 4108 348 4147 a.
416 4091 519 4167 iugens
539 4094 597 4149 ΡΒ.
676 4094 725 4149 28.
747 4090 930 4170 deprehenso
951 4096 1008 4152 ΡΒ.
1024 4112 1096 4154 corr.
1109 4114 1138 4171 p.
1217 4095 1264 4151 iu-

150 4165 280 4222 duuntur
298 4168 355 4224 ΡΒ.
377 4184 452 4225 corr.
471 4186 501 4242 p.
