3025 4859
600 382 746 441 SATVRA
765 384 811 439 111.
1184 362 1261 439 205

160 586 164 595 ·
238 552 308 619 127.
329 574 496 623 ravennae.
518 551 604 643 quid,
625 553 735 644 inquit,
759 550 881 646 pauper
895 548 1032 643 amplius
1046 550 1188 617 tacturas
1203 556 1261 629 est,

148 664 316 755 cumipse
337 674 491 757 patronus
513 661 710 731 eduliorum
734 664 863 733 lestiuct
885 656 1097 753 obsequium?

159 814 163 823 ·
237 774 308 843 129.
331 775 566 845 Parecnrrsu.
589 772 800 842 festinantem.
909 792 1139 841 vrernnnursvs
1161 791 1264 840 onere.

149 884 194 953 ad
216 908 297 979 quos
318 886 522 979 heredipetae
545 883 677 977 uigilant
697 906 792 952 nunc·
890 891 926 951 ut
947 881 1006 949 sibi
1027 890 1156 973 praetor
1179 890 1264 947 tuto-

149 1017 221 1063 rem
243 996 342 1065 daret
440 998 494 1089 qui
515 1003 646 1088 propter
667 1004 848 1086 praetorem
870 994 1011 1089 uigilant
1117 991 1289 1084 quamuiss

149 1114 281 1199 praetor
304 1129 360 1177 eos
383 1116 566 1177 contemnat
587 1107 715 1173 festinat
736 1114 852 1173 tamen
959 1106 1013 1198 qui
1035 1111 1207 1196 expectant
1227 1102 1265 1169 li·

150 1226 229 1285 tem.
313 1218 372 1287 has
395 1218 489 1286 orbas
513 1225 545 1285 et
567 1218 680 1285 diuites
703 1218 773 1285 uult
793 1213 934 1307 intelligi.
971 1241 973 1245 ⁴

164 1372 173 1381 -
242 1329 312 1397 130.
335 1352 399 1401 ase
421 1350 520 1398 rnroa
545 1351 693 1398 cernuas
715 1349 875 1397 sanarer.
903 1326 957 1418 qui
978 1348 1035 1395 eos
1057 1335 1266 1395 contemnens

151 1441 289 1508 festinat.

242 1550 311 1619 131.
334 1574 454 1620 nrvrrrs
476 1574 532 1622 suc
557 1553 691 1642 [cavum
714 1551 843 1640 nauus}
866 1550 964 1618 autin
978 1548 1119 1617 medium
1135 1571 1264 1618 seruum
1280 1570 1307 1612 ιο

155 1664 262 1745 mittit,
284 1670 339 1731 aul
361 1663 392 1731 in
415 1664 539 1731 sinistra
561 1661 710 1730 ambulat.

163 1818 176 1827 -
242 1774 312 1844 132
344 1796 587 1845 alamannam
612 1796 702 1843 nuru.
730 1774 863 1865 cogitur,
885 1773 994 1864 inquit,
1016 1773 1174 1863 ingenuus
1196 1794 1269 1840 cur·

154 1906 228 1954 rere
250 1906 324 1983 cum
346 1886 457 1966 seruis,
480 1887 532 1978 qui
555 1910 591 1955 ee
612 1882 816 1955 facultatibus
837 1884 977 1951 uincunt.
1009 1890 1162 1974 quantum
1185 1884 1270 1950 enim

154 1992 273 2063 tribuni
302 1992 408 2063 solent
435 1996 580 2087 accipere
608 1998 763 2089 stipendii,
792 2004 915 2064 tantum
942 1994 1027 2061 serui
1049 1992 1268 2062 meretricibus

154 2106 286 2187 donant
1282 2114 1310 2157 ιε

245 2216 317 2286 133.
337 2238 514 2286 accmrvur
536 2238 643 2285 nonar
667 2216 846 2285 Crnvrune.
868 2217 1025 2309 praetoris
1040 2214 1206 2283 cuiusdam
1217 2236 1272 2281 so·

155 2350 221 2411 ror,
247 2350 330 2420 quae
358 2351 394 2397 se
422 2328 539 2397 occidit
565 2336 728 2421 tamquam
756 2326 882 2395 inlamis
903 2327 935 2394 iu
957 2327 1054 2393 fratre
1075 2323 1272 2417 temporibus

157 2439 293 2509 cnudi.

247 2550 315 2618 136.
350 2570 524 2619 nenvcene
546 2570 657 2617 senui.
689 2548 762 2619 inde
784 2547 928 2617 sellariae
950 2548 1106 2627 dicuntur,
1128 2545 1162 2615 id
1183 2553 1233 2613 est
1253 2566 1273 2614 a

159 2660 248 2729 sella.
283 2682 379 2729 unam
406 2661 609 2729 meretricum
637 2682 656 2727 a
683 2658 762 2727 sella
794 2682 851 2728 sua
887 2658 1046 2728 abducere
1078 2657 1313 2727 conductamso

159 2770 329 2853 caecaris,
351 2792 425 2839 cum
447 2769 498 2837 alii
520 2769 674 2839 adulteria
697 2778 813 2839 emant

158 2924 180 2935 -·
249 2878 327 2949 137.Ι
351 2902 441 2959 avan
463 2902 540 2948 ινιτ
562 2900 692 2948 nosses.
724 2880 834 2972 Scipio
859 2876 988 2962 Nasica,
1019 2902 1116 2973 quem
1145 2886 1276 2973 propter

161 2992 352 3089 probitatem
373 2992 458 3059 uitae
480 3012 556 3059 suae
579 2998 707 3059 senatus
730 2990 835 3083 elegit,
863 2998 899 3059 ut
919 2989 1038 3084 hospes
1059 3000 1145 3059 esset
1165 2990 1276 3058 matris

163 3106 268 3188 deum,
290 3104 323 3173 id
346 3111 396 3171 est
416 3111 454 3171 ut
473 3100 677 3169 simulacrum
700 3101 769 3169 eius
790 3100 876 3168 domi
897 3124 976 3170 suae
989 3100 1131 3185 haberet,
1153 3103 1231 3171 dum
1245 3102 1276 3171 ei

163 3216 320 3310 templum
341 3214 439 3296 fieret,
461 3212 548 3307 quod
570 3212 774 3281 simulacrum
796 3212 836 3280 de
856 3208 963 3304 Frigia
985 3212 1114 3280 allatum
1137 3222 1196 3280 est.
1285 3232 1314 3276 ιε

165 3331 285 3413 (noers
307 3329 479 3413 roarrvs).
512 3322 563 3392 hic
597 3332 646 3391 est
680 3322 805 3415 Scipio,
839 3323 892 3414 qui
927 3325 1084 3415 oppressit
1110 3320 1276 3392 Tiberium

164 3437 323 3507 Graccum
345 3435 434 3529 leges
455 3434 596 3527 agrariae
618 3434 700 3501 ferre
722 3439 901 3501 conantem.

252 3549 324 3617 138.
353 3568 514 3616 senvnvrr
536 3568 714 3615 ansrrnau.
741 3540 779 3611 L.
802 3540 979 3611 Caecilium
1006 3542 1083 3611 dicit
1102 3540 1278 3625 Metellum,

164 3657 346 3755 pontificem
370 3658 559 3741 maximum,
588 3656 642 3750 qui
664 3654 795 3725 ardente
816 3652 937 3746 templo
958 3651 1078 3723 Vestae
1099 3650 1281 3725 Palladium

167 3928 196 3985 6.
217 3923 280 4001 qui]
300 3922 417 3981 euiPS.
478 3921 524 3977 12.
546 3915 653 3993 cogitet
671 3914 731 3971 ΡΒ.
791 3915 836 3970 17.
857 3910 974 3969 fratrem
994 3911 1053 3969 Pa.
1074 3913 1282 3987 eornlaipeioe

167 4001 206 4065 od
218 4006 288 4062 l'oo.
299 3998 488 4066 aaa.X11,8.
510 3996 534 4051 is
554 3994 645 4051 irater
664 4010 689 4050 o.
779 3994 827 4049 19.
848 4007 865 4046 a
886 3988 968 4046 sella.
988 3986 1058 4046 inde
1078 3988 1212 4045 cellariae
1232 3986 1280 4043 di-

168 4088 282 4141 auntur.
303 4086 344 4149 tu,
365 4075 465 4151 inquit,
485 4070 665 4131 meretricem
683 4085 709 4127 ι.
768 4070 816 4125 21.
836 4064 961 4123 adulteri
973 4066 1118 4123 Pboorr.
1133 4066 1164 4123 u.
1179 4062 1281 4123 Bertb.

167 4160 217 4219 26.
236 4160 523 4217 nocte-conantem
543 4143 720 4223 comoeda.
735 4146 792 4208 127
806 4148 919 4220 ponera
937 4144 996 4203 ΡΒ.
1070 4145 1120 4201 27.
1138 4141 1282 4201 raam„

166 4237 227 4302 ΡΒ.
247 4250 324 4295 sorr.
342 4250 373 4311 p.
449 4232 499 4291 28.
518 4224 661 4287 Lucilium
679 4224 740 4285 ΡΒ.
759 4237 836 4281 corr.
854 4236 881 4281 a.
