3025 4859
605 395 750 449 snrvnr
770 395 803 448 n.
1188 365 1262 452 189

199 557 203 563 ’
234 563 286 632 50.
309 561 416 634 Hirro
438 585 541 634 rosor.
569 563 618 632 uir
640 564 747 657 grauis
769 563 981 656 corrumpitur
1004 586 1022 630 a
1043 561 1219 631 iuuenibus.

148 699 217 746 urrr
237 699 347 744 moneo
368 699 497 746 sannen
519 699 682 754 vrnoovs.
706 684 738 743 et
760 677 879 768 patitur
901 683 933 742 et
955 674 1073 742 lambit.
1141 673 1264 764 [uonso

148 789 326 878 vrnoovrrJ.
349 788 513 879 utriusque
535 809 642 855 sexus.
664 788 792 879 inguina
815 784 983 854 lambentis
1000 795 1032 852 et
1046 785 1263 878 propatientis.

232 899 285 968 53.
307 922 446 966 uovmvs
470 922 536 966 nvr
558 920 644 965 runo
666 921 828 966 srnnrrrv
850 921 943 968 rona.
968 897 1164 989 [conueniat
1194 894 1264 988 pul·

147 1019 293 1079 mentum
314 1011 383 1078 siue
405 1007 584 1077 membrum
606 1007 706 1077 uirile.
773 1010 923 1095 (ravenn)
946 1009 1134 1077 athletarum
1156 1008 1289 1075 cibumt¹

150 1122 235 1192 dicit
836 1199 839 1206 ,

174 1251 178 1258 ’
232 1235 284 1301 56.
308 1230 681 1310 renoveris-Antenore.
719 1230 869 1301 Arachne
890 1233 982 1326 uirgo
1005 1230 1107 1323 Lydia
1130 1230 1262 1314 lanifica,

149 1367 247 1437 quam
269 1343 413 1412 Minerua
434 1365 493 1435 pro
515 1343 647 1425 inuidia,
677 1345 827 1434 quoniam
857 1365 933 1412 ausa
956 1345 1014 1412 suit
1035 1345 1067 1411 in
1090 1344 1264 1412 certamine

148 1477 337 1548 prouocare,
358 1456 392 1521 in
413 1474 562 1519 araneam
584 1455 750 1521 conuertit.

236 1567 289 1632 57.
311 1564 473 1634 Hormou.
497 1587 612 1658 magno
637 1565 710 1632 odio
726 1565 861 1632 habetur
876 1565 961 1658 apud
978 1587 1112 1633 uxorem
1128 1587 1164 1632 ea
1182 1586 1264 1661 quae
1277 1585 1304 1632 ro

150 1676 281 1744 domino
313 1677 473 1744 miscetur.
512 1698 589 1767 ergo
615 1674 699 1743 hanc
724 1677 896 1768 insequens
926 1675 1124 1769 grauioribus
1152 1678 1264 1770 poenis

151 1788 279 1856 domina
307 1793 419 1856 catena
446 1787 586 1855 uinctam
607 1787 709 1882 infigit
730 1788 833 1857 codici
862 1797 957 1881 atque
986 1788 1029 1855 ita
1049 1787 1138 1856 iubet
1159 1789 1266 1856 iacere

149 1921 258 1992 pensa.

235 2010 288 2076 58.
325 2031 525 2079 rurtsvnnrr
553 2009 689 2080 Hrsrnn.
728 2011 838 2079 Hister
870 2010 998 2101 quidam
1036 2009 1174 2092 infamis,
1211 2012 1266 2104 qui

151 2142 248 2188 omne
269 2123 494 2214 patrimonium
516 2145 609 2188 suum
632 2123 725 2189 uiuus
748 2122 879 2190 donauit
901 2123 1003 2203 uxori,
1035 2120 1075 2189 ob
1097 2123 1180 2190 hane
1202 2125 1263 2191 sci·
1277 2145 1303 2188 rs

149 2231 227 2300 licet
248 2256 388 2314 causam,
408 2243 446 2302 ut
466 2234 560 2301 simui
583 2233 794 2316 dormiretis,
817 2234 872 2326 qui
893 2241 926 2301 et
947 2232 1035 2302 illum
1048 2241 1267 2328 corrumperet

152 2353 187 2412 et
207 2342 254 2412 illi
274 2345 472 2414 misceretur.

234 2455 288 2524 59.
325 2477 389 2524 cun
411 2478 524 2525 uvurn
546 2479 706 2526 evenire.
744 2457 894 2526 consciae
922 2455 994 2539 sibi,
1023 2479 1105 2550 quae
1133 2469 1267 2527 nouerat

151 2587 228 2634 eum
249 2566 418 2660 corrumpi.

238 2679 288 2744 60.
311 2677 417 2746 Drrrs
439 2701 528 2747 enrr.
557 2701 639 2772 quae
660 2678 769 2747 uident
791 2680 953 2770 corrumpi
976 2702 1085 2749 senem
1108 2690 1139 2748 et
1161 2689 1305 2750 tacentro'

151 2788 324 2880 cupiditate
344 2788 491 2858 habendi.
598 2813 726 2858 rsnrrr.
749 2811 868 2858 nomen
889 2793 1072 2860 meretricis.
1173 2796 1266 2862 tertia

150 2897 230 2989 ipsa,
253 2898 285 2966 id
307 2909 357 2968 est
378 2923 453 2968 cum
475 2898 600 2969 duobus
622 2898 783 2982 adulteris,
811 2907 847 2969 ut
874 2913 983 2996 carpat
1005 2903 1092 2996 quod
1113 2927 1178 2973 non
1201 2905 1267 2974 sui·

152 3007 280 3078 finiebat
298 3011 383 3094 uiris,
405 3013 466 3078 nisi
486 3010 595 3103 plures
617 3020 733 3079 essent.

237 3122 289 3188 61.
312 3144 502 3190 crnrrmnos.
526 3145 670 3214 gemmus
693 3123 952 3215 preciosissimas.

237 3231 289 3297 63.
310 3229 387 3300 Drr
408 3253 531 3301 vsurnu
555 3254 679 3301 convm.
713 3233 919 3326 prouerbium
948 3243 997 3302 est
1025 3260 1196 3308 cornorum
1224 3241 1304 3310 dea

152 3341 318 3435 inpudicis.
341 3343 491 3411 discreuit
512 3366 626 3410 sexum
648 3366 706 3436 per
728 3369 814 3413 aues.
849 3346 933 3413 unde
956 3347 1065 3415 dicunt
1087 3352 1172 3419 coire
1196 3375 1267 3420 cor-

152 3473 215 3520 uos
235 3476 294 3545 per
315 3475 352 3521 os
375 3462 408 3521 et
429 3454 475 3523 sic
496 3476 618 3546 parere.
729 3479 875 3523 cnusvna
898 3478 1074 3527 conruens.
1099 3461 1206 3530 retulit
1226 3463 1266 3532 ad

154 3561 398 3655 simplicitatem,
418 3563 492 3632 ideo
515 3564 594 3632 dixit
615 3562 789 3634 columbas.

152 3804 180 3859 3.
202 3820 252 3860 ore
273 3802 410 3881 patientis
435 3805 579 3862 Womeren
593 3801 632 3860 ud
645 3805 722 3860 Mira.
735 3803 793 3862 Fet.
804 3807 904 3878 pets.
925 3807 1070 3886 propudia
1089 3813 1225 3889 patientis
1240 3832 1265 3871 c.

153 3881 182 3938 5.
204 3880 278 3936 sicut
298 3883 454 3939 membrum
476 3898 490 3936 e
511 3879 572 3939 cod.
588 3883 726 3938 Heinsius
736 3880 774 3938 od
785 3884 899 3940 Patron.
913 3887 962 3942 70.
984 3886 1087 3944 sistens
1107 3892 1265 3948 membrum

151 3953 384 4029 Sciturtztieisri».
405 3956 433 4013 in
454 3960 609 4014 membrum
629 3975 654 4015 s.
733 3961 762 4017 8.
785 3959 862 4035 quod
876 3978 939 4018 eam
955 3980 1025 4018 nuso
1045 3982 1069 4020 c.
1127 3967 1181 4022 t'uit
1202 3985 1267 4025 eam

152 4036 308 4092 certamine
328 4053 353 4092 a.
439 4039 485 4092 16.
507 4035 630 4091 dormiat
649 4036 707 4092 PS.
727 4053 801 4093 corr.
813 4055 841 4112 p.
939 4043 986 4098 18.
1002 4034 1154 4109 ‘consciam
1173 4045 1267 4119 inquit

151 4110 273 4182 Probus,
295 4129 366 4188 quoe
384 4109 533 4170 dominum
551 4129 637 4168 suam
656 4115 741 4170 nouit
760 4107 903 4188 praecidi.>
928 4118 963 4174 V.
1087 4121 1136 4177 21.
1153 4113 1265 4180 ‘tortia

154 4195 210 4245 ortt
230 4187 345 4260 ordine,
369 4196 421 4248 out
444 4207 546 4247 comen
565 4191 716 4266 proprium
736 4196 794 4263 eet,
815 4197 850 4248 ut
868 4198 957 4270 putot
977 4194 1091 4256 Probus
1110 4203 1139 4254 et
1161 4199 1265 4256 DOR-

153 4267 373 4326 mrSersrtrs
385 4261 770 4343 tepttremrrdoepersoaoe?
795 4271 829 4326 V.
925 4273 973 4328 26.
993 4291 1097 4352 nempe
1121 4273 1265 4334 ouant.
