3025 4859
223 332 274 409 90
598 348 632 401 n.
651 347 738 402 arua
756 344 953 403 uramus

220 522 389 608 expectata
411 514 466 583 diu
486 513 615 583 tandem
638 514 804 608 prouincia
824 534 900 583 cum
919 522 953 583 te

222 634 382 694 rectorem
403 628 552 720 accipiet,
576 648 662 718 pone
682 626 749 693 irae
771 626 859 691 trena
882 621 1092 715 modumque,

221 760 305 831 pone
328 744 361 803 et
383 737 549 819 auaritiae,
573 738 724 804 miserere
745 738 878 829 inopum
898 736 1069 802 sociorum.

221 870 295 917 ossa
317 846 408 915 uides
429 869 537 914 rerum
561 849 672 915 uacuis
695 855 811 915 exucta
832 843 989 914 medullis.

219 960 343 1050 respice
368 957 443 1050 quid
465 965 617 1025 moneant
636 955 741 1049 leges,
764 956 840 1049 quid
862 958 949 1025 curia
970 955 1115 1039 mandet,

222 1071 363 1163 praemia
386 1076 504 1162 quanta
526 1068 629 1137 bonos
650 1075 812 1148 maneant,
834 1090 931 1160 mam
952 1067 1084 1135 fulmine
1104 1068 1188 1136 iusto

222 1190 255 1248 et
277 1178 391 1273 Capito
414 1188 447 1246 et
468 1176 618 1248 Numitor
639 1179 759 1247 ruerint
781 1176 950 1246 damnante
969 1187 1097 1261 senatu,

223 1290 343 1385 piratae
365 1288 513 1359 Cilicum.
545 1290 603 1357 sed
626 1289 702 1383 quid
725 1289 885 1357 damnatio
908 1286 1053 1357 confert?

181 1425 209 1468 oa
224 1423 431 1492 praeconem,
453 1400 646 1494 Chaerippe,
669 1402 731 1468 tuis
754 1401 962 1492 circumspice
983 1402 1111 1491 pannis,
1290 1406 1331 1467 95
1359 1398 1368 1421 ’

181 1536 208 1579 oa
225 1534 300 1580 cum
320 1511 425 1581 Pansa
448 1514 560 1605 eripiat
581 1512 733 1605 quidquid
756 1511 813 1577 tibi
835 1508 934 1578 Natta
956 1509 1117 1603 relinquit,

223 1627 349 1716 iamque
372 1631 458 1706 tace3
481 1626 568 1693 saror
592 1632 640 1691 est
661 1632 735 1716 post
756 1620 862 1690 omnia
883 1620 1018 1713 perdere
1038 1621 1166 1693 naulon

222 1754 287 1802 non
307 1734 393 1801 idem
415 1735 553 1827 gemitus
575 1730 651 1800 olim
672 1753 778 1823 neque
799 1730 916 1801 uulnus
939 1740 1008 1799 erat
1028 1756 1086 1825 par

223 1845 412 1913 damnorum
434 1846 529 1913 sociis
550 1842 735 1913 florentibus
758 1849 791 1909 et
813 1843 909 1912 modo
932 1843 1033 1910 uictis.

222 1954 316 2047 plena
338 1956 453 2023 domus
476 1963 552 2023 tunc
573 1954 690 2035 omnis,
713 1961 746 2021 et
766 1954 879 2045 ingens
899 1952 1004 2021 stabat
1024 1976 1160 2024 aceruos
1268 1970 1331 2026 too

221 2086 439 2147 nummorum,
461 2065 620 2157 Spartana
642 2062 800 2153 chlamys,
823 2063 992 2153 conchylia
1012 2063 1097 2148 Coa,

222 2184 255 2244 et
278 2200 352 2246 cum
372 2176 508 2245 Parrasii
530 2172 645 2243 tabulis
667 2174 829 2267 signisque
850 2172 993 2263 Myronis

222 2285 409 2357 Phidiacum
431 2286 561 2356 uiuebat
584 2284 676 2365 ebur,
699 2306 760 2352 nec
780 2307 845 2353 non
865 2281 1013 2375 Polycliti

223 2398 342 2466 multus
363 2399 481 2491 ubique
501 2396 609 2477 labor,
630 2416 721 2461 rarae
743 2396 811 2462 sine
833 2394 978 2463 Mentore
999 2418 1139 2466 mensae.

221 2510 295 2579 inde
316 2507 505 2577 Dolabellae
528 2508 632 2600 adque
653 2504 727 2573 hinc
748 2505 920 2588 Antonius,
941 2506 1016 2575 inde
1268 2517 1330 2579 105

220 2619 395 2713 sacrilegus
417 2617 536 2688 Verres
560 2616 741 2685 referebant
762 2615 896 2684 nauibus
918 2616 990 2685 altis

222 2730 348 2799 occulta
370 2728 470 2822 spolia
494 2738 526 2797 et
548 2729 655 2823 plures
677 2728 716 2795 de
739 2750 819 2819 pace
840 2728 1027 2820 triumphos.

220 2864 306 2910 nunc
328 2840 423 2909 sociis
443 2842 518 2933 iuga
540 2862 643 2932 pauca
666 2838 779 2920 boum,
800 2860 883 2931 grex
902 2860 1022 2931 paruus
1043 2863 1199 2935 equarum

221 3042 269 3099 88.
291 3040 468 3118 accipietur:
488 3039 612 3115 accipiat
622 3044 655 3096 P.
722 3042 770 3098 90.
791 3035 893 3094 uidens
904 3042 942 3095 Η.
955 3039 1100 3097 Valesius.
1164 3061 1259 3103 rerum
1273 3049 1332 3121 Pp:

222 3134 320 3192 regum
331 3134 365 3175 ω.
440 3124 542 3173 exucta
552 3116 658 3183 Psalle
670 3117 809 3173 Heinsius
821 3112 860 3171 od
868 3114 954 3172 Ouid.
966 3120 1144 3186 naotxffll,
1155 3124 1223 3180 208.
1240 3121 1333 3181 aduu.

218 3198 321 3267 ΙΙΠ,1
339 3194 503 3270 posttea:
524 3204 645 3251 exaucta
663 3212 696 3268 p,
716 3202 817 3251 exserta
836 3189 883 3263 Ις,
904 3204 1005 3249 exusta
1024 3193 1098 3263 beto,
1119 3196 1258 3257 exhausta
1278 3217 1306 3267 ς.

219 3276 266 3329 91.
287 3270 405 3328 mandat
419 3274 453 3327 P.
533 3274 580 3330 93.
603 3271 737 3327 Numitor
756 3271 838 3336 pse:
858 3278 935 3325 tutor
954 3268 1017 3328 aas,
1076 3273 1124 3331 94.
1145 3276 1239 3353 pirate
1258 3280 1293 3333 P.

218 3352 266 3407 95.
276 3352 312 3408 96
325 3348 378 3406 hoo
390 3346 490 3405 ordine
500 3352 679 3423 ponuatPco,
690 3346 778 3422 culpo
789 3354 1033 3421 transponantur.
1092 3354 1140 3408 95.
1152 3351 1332 3431 cherippeP.

219 3429 267 3485 96.
289 3422 426 3503 plantas.
501 3426 590 3482 Natta
609 3442 670 3501 pto:
692 3434 760 3481 nata
772 3422 876 3498 Pdfpe.
956 3424 1093 3501 relisquid
1106 3431 1141 3495 P,
1161 3429 1290 3505 relisquit
1304 3431 1333 3501 d,

219 3503 387 3579 reliquitur.
446 3504 492 3561 97.
512 3501 606 3559 nauh*
619 3506 653 3569 P,
674 3502 791 3559 naulom
804 3500 832 3573 f,
849 3500 963 3558 naulum
980 3520 1034 3578 pto.
1097 3508 1144 3564 98.
1164 3526 1219 3565 nec
1235 3505 1329 3583 ofphg.

219 3586 285 3639 100.
307 3597 427 3637 aceruos
447 3577 478 3633 b:
499 3598 612 3637 aceruis
633 3583 667 3647 P,
688 3597 809 3636 aceruus
829 3596 885 3653 pur.
983 3584 1050 3637 101.
1070 3580 1189 3639 chlamis
1209 3587 1262 3651 Ρς.

220 3656 335 3714 coecilia
346 3660 379 3725 P,
399 3655 529 3713 oomcilia
542 3659 574 3725 S,
592 3656 780 3713 conchilia.
844 3660 911 3715 102.
926 3655 1053 3714 Parrasii
1063 3661 1098 3715 P.
1163 3660 1331 3719 109111111-

220 3754 283 3791 curn
303 3737 340 3791 P.
432 3734 562 3813 polycliti
582 3737 641 3809 Pp:
661 3674 798 3811 polycliti
817 3750 873 3809 pto.
965 3739 1029 3792 101.
1050 3736 1155 3793 multus
1173 3757 1236 3815 par:
1255 3739 1333 3795 mul-

219 3820 264 3869 tos
284 3814 344 3869 PS.
451 3812 532 3869 lahor
596 3812 658 3868 sine
678 3814 705 3867 P
721 3813 819 3886 spolio
838 3810 956 3880 relicto,
977 3830 1061 3870 rarae
1081 3812 1187 3893 addp.
1213 3815 1332 3877 laborae

220 3890 282 3947 sine
301 3887 325 3962 f.
353 3908 417 3947 raro
438 3904 465 3956 ς.
552 3892 618 3946 105.
638 3886 810 3945 Dolabellae
831 3886 928 3963 adque
948 3892 1087 3965 Ruperti,
1111 3890 1265 3950 Dolabella
1284 3902 1333 3951 eat

220 3966 317 4043 adque
330 3970 365 4035 P,
384 3966 537 4023 Dolabella
554 3974 640 4041 atque
661 3983 697 4033 or,
717 3963 886 4021 Dolabellas
902 3974 990 4041 atque
1000 3965 1139 4043 Soultpor,
1159 3969 1331 4030 Dolabellae

220 4054 334 4101 statuae
356 4043 421 4099 hinc
441 4046 549 4102 Mnaso
567 4060 653 4099 verm.
667 4040 814 4116 Abhdlpen
830 4061 858 4116 p.
868 4046 942 4109 245,
962 4043 1134 4102 Dolabellae
1154 4057 1242 4123 atque
1261 4046 1332 4107 inde

219 4120 367 4255 galloniano
389 4122 478 4178 Beitr.
491 4124 604 4197 p.132,
623 4118 795 4177 Dolabellae
816 4129 903 4195 atque
925 4120 1029 4178 dehinc
1049 4120 1229 4182 Lachmann.

248 4198 333 4257 olobe
357 4214 375 4255 a
395 4213 422 4265 ς.
