3025 4859
236 296 287 370 40
613 308 648 363 n.
668 304 757 363 rvnn
775 305 970 364 reversans
1081 253 1084 257 ⁴

239 478 398 572 adigitis,
421 500 500 569 quas
522 480 553 544 in
577 479 712 571 uaginae
734 479 838 546 fronte
861 476 985 545 solebat

239 612 359 682 ponere
382 587 530 681 zelotypo
552 590 676 656 iuuenis
698 587 859 681 praelatus
880 583 1000 655 Iarbae.

240 708 275 768 tu
296 698 515 768 Beneuentani
538 700 654 766 sutoris
676 721 795 766 nomen
815 695 987 765 habentem

242 811 375 878 siccabis
399 809 531 877 calicem
553 832 702 877 nasorum
725 816 935 901 quattuorue
957 810 1020 875 iam

242 930 428 1015 quassatum
451 931 483 987 et
505 928 599 1013 rupto
622 928 809 1013 poscentem
832 917 964 1010 sulpura
985 918 1078 985 uitro.

243 1034 270 1099 si
293 1029 476 1100 stomachus
499 1030 618 1097 domini
639 1032 742 1098 feruet
763 1031 902 1122 uinoque
925 1028 1075 1121 ciboque,

245 1143 387 1235 frigidior
410 1140 530 1209 Geticis
552 1143 669 1234 petitur
690 1142 825 1208 decocta
846 1140 982 1229 pruinis3

246 1252 323 1340 [non
346 1252 459 1318 eadem
481 1251 572 1319 uobis
593 1252 669 1345 poni
691 1249 786 1317 modo
809 1250 881 1315 uina
903 1248 1087 1341 querebar‚]

245 1384 305 1429 uos
328 1360 420 1428 aliam
443 1364 560 1453 potatis
582 1383 707 1453 aquam.
740 1357 795 1425 tibi
818 1358 934 1450 pocula
956 1383 1067 1428 cursor

248 1470 402 1539 Gaetulus
425 1472 511 1539 dabit
533 1481 587 1539 aut
608 1470 688 1563 nigri
709 1492 823 1536 manus
845 1492 938 1537 ossea
959 1470 1062 1538 Mauri

248 1590 281 1648 et
302 1584 354 1648 cui
375 1604 432 1673 per
455 1582 592 1649 mediam
615 1580 696 1648 nolis
719 1602 889 1648 occurrere
910 1590 1053 1661 noctem,

248 1691 389 1760 cliuosae
411 1692 536 1759 nelren’s
560 1691 635 1759 dum
656 1714 714 1782 per
735 1697 940 1757 monumenta
962 1688 1104 1760 Latinae.
1309 1701 1352 1759 55

250 1802 308 1867 llos
330 1802 426 1868 Asiae
449 1811 522 1870 ante
544 1804 649 1894 ipsum
671 1803 772 1894 pretio
795 1802 915 1869 maiore
937 1811 1082 1894 paratus,

250 1934 345 2003 quam
367 1913 426 1978 luit
448 1920 480 1979 et
501 1911 587 1979 Tulli
610 1934 724 1979 census
747 1913 901 2004 pugnacis
924 1920 957 1977 et
977 1911 1058 1979 Anci

250 2030 296 2103 et,
318 2046 358 2089 ne
381 2030 413 2089 te
436 2032 577 2105 teneam,
599 2018 819 2090 Romanorum
843 2023 947 2089 omnia
969 2044 1082 2115 regum

250 2129 371 2197 friuola.
407 2132 493 2224 quod
515 2156 588 2200 cum
610 2134 652 2201 ita
675 2134 730 2214 sit,
752 2140 789 2199 tu
811 2130 984 2200 Gaetulum
1007 2131 1228 2223 Ganymedem

249 2243 387 2335 respice,
410 2264 483 2310 cum
507 2244 601 2311 sities.
635 2246 737 2311 nescit
758 2252 806 2309 tot
827 2240 954 2310 milibus
977 2252 1103 2335 emptus
1312 2256 1357 2311 60

251 2351 442 2444 pauperibus
464 2355 597 2420 miscere
621 2376 714 2445 puer,
738 2354 796 2420 sed
818 2353 934 2431 lorma,
957 2360 1007 2418 set
1028 2363 1117 2421 aetas

251 2463 347 2554 digna
369 2463 548 2554 supercilio.
584 2464 711 2556 quando
734 2461 774 2529 ad
795 2468 829 2527 te
850 2463 996 2553 peruenit
1017 2460 1093 2530 ille?

252 2574 377 2665 quando
401 2582 531 2665 rogatus
555 2576 645 2641 adest
667 2572 788 2642 calidae
811 2571 999 2665 gelidaeque
1021 2574 1186 2643 minister?

251 2686 369 2778 quippe
391 2685 571 2776 indignatur
592 2685 693 2751 ueteri
714 2706 827 2775 parere
849 2683 971 2765 clienti,

251 2795 401 2886 quodque
424 2794 541 2887 aliquid
563 2817 688 2887 poscas,
711 2803 743 2861 et
765 2794 851 2886 quod
874 2818 909 2862 se
931 2800 1035 2861 stante
1057 2796 1234 2864 recumbas.
1315 2809 1358 2867 65
1484 2891 1485 2900 ¹

250 2904 388 2971 maxima
411 2928 556 2998 quaeque
579 2906 693 2973 domus
716 2905 816 2971 seruis
840 2913 889 2971 est
910 2903 1004 2995 plena
1026 2905 1180 2997 superbis.

252 3040 343 3098 cccc,
365 3015 444 3084 alius
467 3025 584 3107 quanto
607 3017 750 3107 porrexit
771 3036 934 3082 murmure
956 3038 1073 3107 panem

251 3126 308 3193 uix
328 3127 478 3208 fractum,
502 3125 621 3194 solidae
642 3127 706 3193 iam
728 3126 854 3193 mucida
877 3127 976 3192 lrusta
998 3126 1133 3209 farinae,

251 3258 335 3330 quae
357 3237 529 3327 genuinum
551 3238 687 3330 agitent,
710 3260 774 3305 non
797 3236 994 3304 admittentia
1017 3259 1175 3322 morsum;

251 3453 299 3511 45.
320 3452 444 3530 zelotipe
455 3455 486 3510 8.
556 3454 603 3511 46.
624 3453 830 3512 beneuentanis
843 3452 944 3508 tortoris
955 3455 989 3509 P.
1010 3454 1119 3510 notorie
1131 3456 1163 3511 8.
1231 3456 1280 3515 46.
1295 3456 1359 3513 sul-

248 3548 325 3627 pura
345 3528 396 3601 fla:
416 3529 581 3621 ⁸¹¹lP¹¹la.p’
601 3530 740 3624 sulphura
754 3548 811 3607 pur.
891 3532 943 3620 50.
959 3529 1135 3623 tiptprund.
1147 3539 1247 3610 ontop.
1260 3536 1359 3625 12233

260 3606 347 3663 Parta
367 3624 422 3662 ram
443 3604 576 3682 lngrdror
596 3609 706 3665 Gotrcrs
728 3607 849 3665 decocta
868 3625 1000 3683 prrurnrs.
1099 3612 1133 3665 51
1150 3618 1218 3667 unte
1234 3614 1272 3668 46
1286 3628 1359 3687 pona

250 3686 337 3741 trusit
355 3686 464 3740 Moneo
484 3700 573 3741 uerna.
590 3683 736 3760 Athdluon
755 3704 784 3760 p.
796 3687 868 3751 233,
891 3686 1023 3759 murium
1038 3683 1166 3742 indicunt
1182 3689 1306 3763 Pinzger
1324 3685 1359 3744 da

250 3776 404 3895 tunt·
421 3766 538 3895 '²³³3
553 3758 1011 3896 “hillidiifdllili'ss-
1061 3763 1358 3899 ⁵²'⁵l⁰⁰¹l¹}¹d'¹5¹lii

250 3912 379 3988 lopun&
390 3878 510 3972 ‘'colore
517 3878 697 3993 Aethiopem,
710 3915 755 3971 cui
765 3878 823 3992 per
832 3913 955 3971 mediam
967 3878 1040 3973 milis
1052 3882 1203 3974 occurrere
1214 3858 1345 3975 nodiem?

250 3990 392 4059 nodisP,
413 3991 505 4048 nolles
527 4007 555 4058 ς.
650 3996 697 4050 56.
717 3992 828 4069 praetio,
843 3995 879 4049 P.
978 3995 1025 4052 59.
1047 3993 1229 4051 Ganimeden
1250 4011 1277 4062 ς.

250 4071 296 4123 61.
317 4066 425 4125 tonnas
446 4077 475 4125 ct
488 4071 522 4126 P.
588 4073 625 4125 63
638 4076 706 4146 post
720 4068 757 4125 64
771 4071 850 4143 ponit
864 4072 898 4125 Ρ.
964 4073 1149 4146 rogatungr
1170 4080 1288 4129 uocatus
1309 4090 1345 4128 ω.

250 4146 288 4201 66
301 4145 436 4221 sparnum
449 4144 530 4203 ludet
540 4146 684 4214 nearent,
706 4145 776 4221 legit
790 4144 879 4203 schol.
962 4150 1010 4205 68.
1032 4147 1125 4206 solide
1141 4149 1200 4206 Pa.
