3025 4859
270 372 349 449 282
655 392 996 449 scnomrvnnmu.

270 556 442 625 inauditam
465 563 660 651 pantomimo
683 561 885 646 uendidisset,
907 586 972 632 non
992 560 1131 631 babebat
1151 561 1238 630 unde
1259 582 1296 630 oc
1311 584 1381 631 sus·

270 676 416 737 tentaret
519 672 669 741 salarium
692 674 776 742 enim
803 673 845 741 ob
872 676 1002 743 nimiam
1022 682 1242 766 paupertatem
1262 672 1303 743 ab
1327 694 1382 741 eo·

270 779 343 847 dem
366 783 628 873 consequebatur.

352 892 404 958 89.
428 916 533 960 annun
548 918 572 961 s.
587 918 618 961 v.
640 896 673 963 id
696 904 754 977 est,
776 897 809 965 in
830 898 963 964 modum
982 897 1079 965 lunae
1100 894 1223 989 plenae.
1290 898 1382 989 equi·

241 1010 339 1069 ‘tum
361 1002 402 1069 de
423 1025 567 1071 numero.
670 1007 792 1097 [avnol.
814 1008 847 1075 id
870 1016 920 1075 est
941 1008 1048 1077 anulo.

353 1114 404 1179 90.
434 1137 520 1191 ovon
543 1137 606 1182 non
629 1139 725 1185 oanr.
748 1142 778 1185 r.
815 1118 847 1187 id
870 1126 928 1200 est,
950 1120 1038 1210 quod
1059 1141 1123 1187 non
1144 1127 1309 1211 praestant
1329 1142 1382 1186 se·

267 1232 405 1307 notares,
428 1227 641 1317 pantomimus
663 1227 759 1296 dabit.
1146 1298 1159 1334 Ι

352 1336 403 1403 91.
427 1360 469 1403 cr
492 1335 629 1407 Binan«
652 1362 695 1406 rv
719 1362 748 1406 n.
771 1340 895 1407 nobiles
915 1339 998 1409 illius
1020 1342 1183 1433 temporis.

352 1450 631 1517 summissior
654 1449 816 1518 Pnuorrn.
848 1448 1012 1518 Neronem
1035 1450 1204 1544 significat,
1232 1453 1288 1544 qui
1309 1474 1382 1520 sce·

230 1560 347 1629 ⁸⁰niois
368 1558 410 1626 ob
433 1568 559 1653 turpem
580 1559 740 1628 libidinem
762 1559 843 1629 baec
863 1562 1045 1652 petentibus
1067 1562 1259 1654 praestabat
1282 1586 1380 1655 prop·

269 1681 316 1739 ter
336 1670 422 1738 hunc
443 1692 572 1737 uersum
594 1672 709 1738 missus
732 1680 782 1739 est
802 1674 834 1739 in
856 1672 952 1740 exilio
973 1696 992 1740 a
1015 1670 1151 1740 Claudio
1173 1670 1316 1740 Nerone.

350 1781 402 1849 94.
426 1803 496 1857 ovis
519 1804 585 1849 mor
607 1781 649 1849 Μ.
671 1782 723 1849 isti
744 1784 885 1851 fautores
906 1792 1075 1875 poetarum
1097 1784 1233 1851 luenurt

350 1895 402 1960 96.
438 1916 521 1960 nvnc
544 1916 607 1961 ran
629 1915 649 1958 1.
673 1917 703 1960 o.
741 1903 817 1962 tunc
845 1893 947 1963 bonus
973 1903 1069 1986 poeta
1091 1893 1174 1963 bene
1195 1914 1380 1962 remunera·

266 2002 366 2071 batur.
442 2094 446 2100 ,

228 2121 255 2165 *ὓ
353 2117 405 2181 97.
428 2138 601 2183 oronnam.
623 2139 687 2208 quo
703 2137 814 2183 mense
830 2116 952 2184 scilicet
963 2115 1046 2185 solet
1055 2118 1195 2185 maxime
1209 2114 1379 2186 lucubrum

349 2227 401 2292 98.
424 2250 550 2295 vosrnn
571 2250 686 2297 sonno.
712 2230 823 2296 transit
845 2228 885 2294 ad
907 2227 1086 2296 historicos.
1149 2250 1379 2296 arsronnmvrr.

263 2338 384 2429 yronia.

348 2451 401 2516 99.
424 2472 530 2527 noovn
555 2472 628 2519 omn
649 2472 679 2517 r.
702 2451 735 2517 in
756 2448 923 2518 scribenda
946 2453 1052 2519 storia.

354 2562 423 2628 101.
446 2583 593 2628 nonnoso
616 2583 751 2628 rarrno.
781 2560 897 2643 cartha,
919 2564 952 2629 in
974 2585 1037 2656 qua
1058 2563 1204 2631 scribitis.

226 2678 254 2719 ²⁰
352 2672 422 2739 109.
445 2696 543 2739 rvunr
568 2672 693 2761 [nnnvn
715 2674 890 2763 nvrrrnvsl.
912 2678 992 2741 ordo
1013 2672 1173 2742 historiae.

352 2784 422 2850 103.
455 2808 538 2860 orno
563 2805 672 2851 ranan
694 2805 734 2849 m.
757 2808 783 2850 s.
817 2786 1031 2853 metaloricos.
1061 2785 1094 2854 id
1117 2794 1182 2867 est,
1205 2783 1377 2876 quidinde

262 2889 344 2961 lucri
365 2893 497 2975 habetis,
520 2896 574 2986 qui
596 2890 731 2961 scribitis
754 2891 889 2961 storias?

353 3005 422 3071 104.
445 3028 554 3071 ornan
577 3028 662 3072 acro
685 3027 837 3072 bsonari.
859 3014 1014 3096 quantum
1035 2992 1129 3074 datur
1151 3008 1324 3098 exceptori.

353 3115 422 3183 105.
444 3138 504 3182 sao
527 3138 630 3184 ooavs
653 3138 716 3183 ron.
740 3114 964 3183 historicorum
986 3115 1142 3211 fingamus
1164 3140 1266 3211 genus
1287 3118 1377 3213 igna-

224 3236 252 3281 ἣ
265 3246 350 3308 uum,
374 3228 447 3319 quia
467 3227 500 3295 in
522 3248 586 3297 uno
609 3226 682 3295 loco
705 3227 818 3296 sedere
838 3226 1003 3297 desiderat

264 3548 291 3603 1.
313 3553 474 3603 sustentare
495 3546 530 3602 P.
609 3546 638 3604 5.
659 3544 756 3602 anullo
777 3546 955 3622 PS.oorr.p.
1029 3538 1154 3621 ‘diptica
1173 3544 1271 3605 anullo
1289 3564 1377 3607 oroo-

262 3628 316 3679 oot
337 3624 384 3697 qai
403 3624 548 3679 semestris
567 3620 783 3681 similitudinem
804 3621 889 3679 lunae
907 3622 1018 3695 forant.
1037 3628 1288 3682 smrmtrioootom
1307 3624 1376 3683 tuna

263 3697 369 3755 dicitur
395 3716 455 3757 oum
481 3703 586 3756 menois
611 3698 735 3756 madium
763 3716 913 3773 ponoenas
939 3708 982 3759 est
1006 3703 1153 3777 spacium:
1191 3708 1255 3769 out,
1282 3703 1377 3778 inquit

262 3774 392 3844 Probus,
412 3794 528 3846 opmom
548 3776 673 3911 pXVtam
694 3779 715 3835 t.
737 3779 868 3853 quintum
889 3775 1028 3835 decimam
1047 3781 1175 3853 thpora
1193 3796 1277 3837 uorr.
1299 3779 1376 3838 lectt.

266 3853 317 3919 Vl,
340 3853 400 3927 18.]
424 3852 510 3910 dicit:
568 3872 601 3910 oo
620 3861 663 3911 aot
683 3856 731 3911 out
760 3853 914 3931 [spatium
939 3855 977 3912 ad
1003 3856 1056 3912 XV
1077 3855 1153 3913 dican
1180 3857 1305 3926 scilieet,
1330 3859 1378 3914 oui

262 3926 509 4003 Sobortzlletsob.]
533 3938 563 3987 ot
582 3930 669 4006 plano
687 3932 728 3987 stt
745 3948 851 4006 porum
870 3931 1021 3990 admodum
1042 3931 1132 3991 daret:
1160 3932 1276 4009 paidom
1296 3938 1377 3992 scat·

263 4014 366 4065 „rotro
385 4024 490 4065 oammr
511 4026 562 4065 sea
581 4010 720 4064 niensium
741 4026 886 4065 orroonom
903 4012 1100 4084 pecuniariam
1120 4009 1223 4067 uolunt
1241 4010 1378 4088 intellipia

263 4082 315 4141 sod
333 4102 437 4141 sarasar
457 4083 541 4141 uulda
561 4084 677 4142 alicnus
697 4092 751 4141 est.
784 4084 865 4160 lonpo
889 4088 979 4161 ipitur
1002 4086 1105 4145 moliar
1129 4086 1167 4144 od
1191 4105 1309 4160 cymam
1333 4109 1379 4148 ro-

261 4158 354 4296 pprrtpr
377 4161 475 4295 lpnpm
503 4178 566 4219 com
589 4160 674 4218 uolut
699 4160 805 4220 anolus
824 4168 855 4219 in
883 4162 977 4221 orbem
1000 4163 1123 4222 ootteoto
1146 4171 1203 4234 cst,
1227 4172 1259 4223 ut
1282 4168 1380 4243 lnquit

305 4255 385 4296 oas.
447 4282 453 4297 .
