3025 4859
308 378 384 455 242
692 388 854 443 senonia
873 388 1033 443 verena.

397 558 467 625 120.
490 578 625 625 ornans.
648 558 734 625 crine
756 558 932 648 supposito.
1037 554 1175 623 rotundo
1197 552 1343 623 muliebri
1363 576 1417 624 ca·

309 668 383 761 pitis
405 674 600 758 tegumento,
621 668 655 735 in
675 666 809 734 modum
830 664 941 757 galeae
963 666 1057 745 lacte,
1080 686 1144 755 quo
1160 662 1330 733 utebantur
1352 687 1419 733 me-

309 778 458 858 retricem
480 776 552 843 ideo
574 776 674 859 llau03
696 776 789 867 nigro
811 796 884 841 nam
908 777 994 843 enne
1016 782 1181 842 matronae
1201 772 1383 841 utebantur.

317 894 322 900 ’
397 886 467 952 121.
491 907 637 954 cenaene
659 906 816 953 neeman.
840 885 941 952 ueteri
964 883 1037 951 uelo
1060 884 1235 974 expanuis
1257 884 1351 951 lactc.

273 1016 287 1057 s
400 996 471 1063 123.
490 1018 663 1063 rnosrrrrr
690 1016 828 1061 avennis
851 1018 883 1059 r.
905 1016 939 1059 rr.
962 1018 991 1061 r..
1023 994 1173 1085 quoniam
1195 992 1228 1059 in
1249 990 1339 1059 cellis
1361 1015 1418 1061 na·

309 1108 395 1174 mina
417 1105 620 1172 meretricum
641 1104 767 1171 fuerant
787 1105 1009 1196 superscripta.
1099 1102 1161 1170 hac
1184 1108 1242 1179 est,
1264 1122 1323 1191 pre
1340 1123 1417 1191 qua-

309 1219 384 1286 dam
404 1212 542 1304 Lycisca
562 1212 730 1279 meretrice
749 1213 818 1303 ipsa
841 1210 955 1280 cellam
976 1212 1119 1302 ingressa
1141 1220 1201 1279 est.

397 1324 467 1391 124.
488 1320 714 1390 Bnrrmnmce
726 1344 891 1388 versaris.
912 1322 980 1412 ipse
993 1319 1214 1399 Brittannicus,
1237 1326 1418 1410 quempost

309 1430 499 1502 Messalinae
519 1432 628 1498 manis
654 1452 768 1499 necem
795 1430 923 1499 conseia
950 1438 1052 1499 matre
1074 1429 1248 1521 Agrippina
1269 1425 1358 1497 Nero
1385 1430 1416 1495 in

271 1566 298 1605 n
309 1543 458 1613 conuiuio
479 1562 539 1608 sno
560 1540 697 1609 necabit.

395 1650 466 1717 125.
488 1670 639 1716 nxcnrrn.
660 1650 694 1716 in
717 1650 888 1717 meritoria.

396 1760 466 1826 127.
487 1779 558 1825 nox
579 1778 704 1824 neuere
727 1779 804 1824 svns
826 1780 848 1824 1.
870 1782 902 1825 n.
923 1783 953 1827 r.
976 1760 1087 1839 idest,
1111 1758 1151 1827 de
1173 1758 1341 1827 meritoriis
1364 1779 1414 1823 re·

308 1866 493 1937 cedentibus
514 1865 628 1957 puellis
650 1866 718 1957 ipsa
741 1867 838 1935 tristis
859 1867 1072 1950 efficiebatur,
1098 1869 1185 1961 quod
1214 1874 1287 1958 post
1314 1875 1413 1933 totam

307 1986 437 2046 nectem
458 1974 562 2043 adhuc
581 1996 647 2042 nnn
668 1976 787 2042 saciata
815 1984 847 2041 et
869 1974 978 2043 ultima
1002 1978 1180 2046 recedebat.

270 2100 296 2143 1⁶
397 2087 467 2153 129.
488 2108 508 2150 n
531 2106 705 2151 rnamenta
726 2107 866 2152 vanvas.
889 2086 1087 2156 desiderante
1110 2089 1239 2156 coitum.

396 2194 466 2261 130.
493 2216 536 2259 nr
558 2215 697 2260 nassum
718 2216 814 2261 vm1s.
847 2193 963 2263 lassata
990 2197 1120 2289 quidem
1141 2221 1184 2266 ex
1205 2197 1343 2265 coitione
1364 2197 1411 2263 ui-
1493 2166 1494 2229 l

304 2328 424 2385 rarum,
445 2312 553 2369 tamen
574 2300 677 2370 adbuc
698 2302 892 2371 desiderans.

392 2412 463 2481 132.
484 2433 589 2479 renna
609 2433 797 2481 nvrsnsms.
826 2411 1002 2483 obscenum
1018 2415 1149 2483 odorem
1164 2413 1323 2504 lupanaris
1338 2437 1410 2507 per·

303 2524 376 2592 tulit
396 2518 577 2589 adlectum
597 2520 785 2589 maritalem.

265 2668 294 2709 20
341 2684 346 2691 .
393 2626 709 2698 lastinianum
741 2629 950 2722 hippomanes
972 2635 1059 2725 quad
1081 2635 1122 2702 de
1142 2641 1235 2725 partu
1256 2654 1410 2723 equarum

303 2742 423 2833 rapitur
451 2761 472 2807 a
496 2737 601 2805 fronte
627 2738 721 2828 pulli,
746 2742 853 2810 statim
879 2750 917 2810 ut
942 2745 1096 2811 nascitur.
1128 2742 1216 2835 quod
1242 2750 1344 2810 mater
1369 2741 1410 2809 ab
1492 2704 1493 2781 l

301 2852 419 2921 eadem
443 2846 563 2915 lambit
596 2847 684 2937 qnod
713 2849 823 2917 datum
856 2852 889 2919 in
914 2852 1066 2942 poculum
1093 2853 1134 2920 ad
1160 2851 1331 2919 amatorias
1357 2872 1409 2918 res

248 2981 252 2999 ¹
301 2961 387 3030 lacit.

389 3067 459 3135 134.
480 3088 642 3132 nnnvronn
664 3090 822 3134 concana.
850 3071 999 3161 grauiora
1020 3070 1139 3138 iaciunt
1160 3070 1192 3137 in
1213 3069 1283 3137 aliis
1303 3068 1407 3149 rebus,

262 3198 399 3271 sapsam
419 3174 507 3267 quod
526 3173 622 3241 libido
644 3178 825 3266 persuadet.

386 3284 744 3354 reanimarem
771 3308 987 3365 nrnruvrrevs.
1021 3290 1125 3359 minus
1152 3298 1289 3382 peccant
1315 3292 1405 3371 forte,

298 3418 395 3486 quarn
416 3393 504 3486 qued
525 3390 622 3461 libide
644 3394 812 3464 desiderat.

297 3659 327 3715 2.
346 3664 539 3731 tegumentum
560 3656 618 3714 ΡΒ.
631 3674 705 3715 carr.
719 3677 748 3734 p.
827 3658 897 3717 lacti
917 3664 974 3721 ΡΒ.
988 3680 1062 3720 carr.
1072 3680 1102 3738 p.
1181 3666 1209 3721 3.
1230 3662 1260 3719 id
1281 3672 1327 3721 est
1347 3666 1403 3722 ΡΒ.

296 3732 1401 3874 11..11111.111111.1
1491 3826 1492 3851 .

294 3885 446 3975 tannicum·
460 3902 487 3943 e.
564 3903 619 3963 pro
639 3887 698 3942 ΡΒ
708 3850 820 3945 acarde.
898 3896 926 3950 9.
947 3860 1019 3951 nece
1039 3833 1185 3951 lislam.
1200 3858 1224 3950 ο..
1263 3836 1399 3951 ¹¹inedia

294 3968 349 4019 eat
367 3978 467 4019 nescia
486 3978 512 4051 ο.
590 3978 702 4019 ueneno
721 3965 837 4021 necauit
856 3985 880 4025 s.
966 3972 1014 4026 13.
1033 3988 1088 4048 per
1107 3971 1165 4026 ΡΒ.
1254 3974 1301 4029 15.
1322 3968 1400 4027 desi·

291 4038 440 4095 derantem
460 4046 536 4094 cestu
558 4040 616 4095 ΡΒ.
643 4037 813 4098 desiderans
835 4047 941 4102 coitum
963 4063 989 4103 a.
1098 4049 1145 4104 18.
1167 4046 1322 4103 obscenam
1343 4048 1398 4103 ΡΒ.

287 4132 511 4263 §pamm
532 4118 579 4173 19.
599 4114 731 4174 maritale
751 4119 810 4177 ΡΒ.
828 4137 903 4181 carr.
916 4140 946 4198 p.
1063 4124 1111 4181 27.
1133 4120 1211 4199 qnod
1233 4122 1399 4182 desiderant
