3025 4859
653 403 689 458 Ι).
706 400 797 457 ΝΝΙΙ
815 400 1010 458 rvaNsms

624 686 949 765 SATVRA
1002 686 1045 763 tt.

280 906 317 975 Si
339 912 371 974 te
392 903 549 1000 propositi
570 902 713 971 nondum
735 902 836 995 pudet
856 900 962 994 adque
984 902 1097 972 eadem
1119 910 1169 971 est
1189 926 1295 985 mens,

280 1025 317 1084 ut
337 1014 422 1084 bona
445 1036 568 1083 summa
592 1022 685 1104 putes
708 1014 810 1082 aliena
833 1014 944 1081 uiuere
967 1016 1104 1106 quadra,

282 1128 310 1195 si
332 1134 425 1220 potes
447 1124 500 1193 illa
522 1124 602 1217 pati,
625 1146 708 1215 quae
730 1148 792 1193 nec
813 1123 1002 1193 Sarmentus
1024 1126 1147 1217 iniquas

280 1236 430 1305 Caesaris
452 1235 493 1303 ad
516 1256 641 1301 mensas
667 1256 727 1302 nec
748 1232 821 1301 uilis
843 1231 955 1302 Gabba
977 1234 1117 1315 tulisset,

280 1347 427 1441 quamuis
448 1345 551 1413 iurato
575 1353 716 1411 metuam
740 1342 794 1410 tibi
818 1343 950 1411 credere
973 1347 1055 1412 testi.

280 1466 393 1526 uentre
415 1454 492 1523 nihil
512 1454 589 1523 noui
610 1450 780 1545 frugalius
802 1451 865 1521 hoc
887 1462 994 1521 tamen
1016 1456 1121 1547 ipsum

281 1568 438 1637 defecisse
460 1573 552 1657 puta,
575 1564 662 1656 quod
683 1564 768 1631 inani
790 1562 909 1631 sufficit
930 1563 1018 1633 aluo:

282 1676 369 1747 nulla
392 1674 521 1767 crepido
544 1671 662 1741 uacat?
692 1696 850 1765 nusquam
871 1696 953 1766 pons
975 1685 1008 1743 et
1030 1679 1145 1770 tegetis
1167 1701 1241 1770 pars

282 1788 409 1856 dimidia
432 1782 583 1853 breuior?
611 1786 730 1851 tantine
752 1785 866 1851 iniuria
887 1784 1009 1853 cenae?

282 1906 348 1965 tam
370 1898 475 1964 ieiuna
497 1896 597 1963 sames
620 1916 694 1962 cum
716 1894 817 1986 possit
838 1893 1004 1963 honestius
1025 1896 1090 1966 illic
1351 1912 1392 1964 10

284 2016 315 2076 et
339 2017 474 2076 tremere
497 2014 530 2072 et
553 2006 663 2072 sordes
685 2006 776 2071 farris
799 2006 946 2074 mordere
970 2008 1081 2076 canini.

283 2118 386 2211 pn'mo
409 2116 471 2210 fige
492 2115 581 2199 loco,
604 2116 691 2209 quod
714 2124 749 2182 tu
771 2114 971 2184 discumbere
993 2119 1098 2185 iussus

283 2228 466 2297 mercedem
489 2226 622 2295 solidam
646 2235 794 2295 ueterum
816 2228 904 2318 capis
926 2226 1115 2296 officiorum.

285 2340 408 2407 fructus
431 2339 588 2407 amicitiae
609 2360 745 2431 magnae
769 2337 873 2417 cibus,
895 2339 1018 2429 inputat
1039 2340 1125 2407 bunc
1146 2364 1218 2421 rex,

284 2458 317 2518 et
337 2452 483 2542 quamuis
504 2470 611 2516 rarum
634 2458 740 2515 tamen
763 2450 897 2540 inputat.
932 2470 1007 2541 ergo
1031 2448 1111 2516 duos
1132 2459 1206 2542 post
1351 2460 1390 2517 1⁵

283 2562 310 2627 si
331 2558 422 2628 libuit
444 2582 571 2628 menses
594 2559 776 2652 neglectum
799 2555 950 2625 adhibere
972 2557 1135 2640 clientem,

282 2670 373 2738 tertia
395 2692 436 2737 ne
459 2692 563 2739 uacuo
587 2679 732 2738 cessaret
756 2667 873 2736 culcita
894 2667 995 2751 lecto,

278 2776 368 2848 “una
389 2776 507 2847 simus”
531 2782 583 2847 ait.
617 2788 769 2848 uotorum
792 2800 930 2861 summa,
954 2780 1029 2871 quid
1050 2780 1132 2847 ultra

283 2887 433 2984 quaeris?
462 2888 558 2958 habet
580 2888 731 2970 Trebius,
754 2897 887 2981 propter
908 2888 996 2982 quod
1018 2912 1167 2983 rumpere
1188 2915 1337 2963 somnum

283 3001 399 3069 debeat
421 3007 453 3067 et
474 2999 588 3094 ligulas
610 3000 786 3079 dimittere,
809 2996 963 3067 sollicitus
985 3022 1027 3068 ne
1348 3018 1392 3074 20

283 3118 350 3179 tota
373 3110 538 3179 salutatrix
559 3110 624 3178 iam
646 3108 738 3177 turba
760 3110 920 3203 peregerit
940 3109 1066 3194 orbem,

423 3336 500 3397 Sat.
524 3338 558 3393 V.
598 3336 630 3392 In
651 3335 795 3415 parasitos
817 3334 854 3394 de
875 3337 954 3394 cenis
975 3338 1190 3399 contumeliosis
1212 3344 1246 3398 P.

285 3451 312 3507 1.
333 3446 384 3505 Sic
402 3444 547 3505 Lebissos.
626 3444 722 3523 adque
742 3445 916 3504 sanderus.
993 3458 1039 3505 est
1058 3468 1112 3508 om.
1133 3466 1161 3517 ς.
1239 3454 1394 3513 Neruios

283 3522 672 3599 odVerp.Aen.Vll,115.
770 3527 799 3580 3.
820 3524 863 3580 sic
879 3522 1025 3582 Lebissos.
1127 3532 1156 3585 4.
1175 3528 1212 3585 ad
1230 3547 1293 3606 por:
1313 3542 1343 3588 at
1357 3535 1393 3605 P,

284 3620 319 3660 ac
338 3600 362 3673 f.
454 3602 550 3677 gabba
569 3598 710 3659 PSdcod.
727 3602 930 3658 Wmoricnsis:
950 3600 1044 3660 Galba
1063 3621 1100 3661 ω.
1194 3610 1213 3666 8
1233 3608 1392 3682 Armentis.

285 3677 319 3735 de
328 3696 448 3753 pronam.
463 3696 492 3754 p.
505 3681 590 3735 1976.
669 3682 697 3735 9.
720 3677 756 3734 de
770 3677 866 3735 media
878 3681 911 3745 P,
933 3677 1058 3736 dirnedia
1069 3700 1098 3755 p.
1177 3684 1284 3741 tantine
1295 3687 1393 3744 -sa-

283 3774 344 3813 mes
364 3757 468 3832 aporia
481 3761 572 3812 conset
586 3753 735 3811 Heinrich.
815 3759 861 3812 10.
883 3773 947 3810 eum
963 3758 1056 3832 possit
1067 3757 1140 3830 Psgr
1160 3779 1223 3816 cum
1244 3764 1392 3837 possiem,

286 3832 354 3909 quin
375 3832 471 3910 possis
492 3830 553 3891 cod.
572 3829 724 3889 Gotbuaas
742 3834 776 3899 2,
807 3850 882 3907 quae
901 3835 995 3908 possit
1014 3837 1124 3892 Mnaso
1140 3854 1228 3895 oems.
1247 3836 1395 3915 Abbdlpea

283 3913 388 3987 p.232‚
405 3927 468 3965 cum
483 3908 532 3985 pol
546 3909 722 3983 sitRopertt,
736 3910 803 3983 quin
837 3906 932 3965 oscis?
944 3908 1085 3981 bobinos,
1099 3915 1245 3972 Groeuim
1255 3921 1397 3993 epplffl

284 3990 394 4063 p193.
426 3987 584 4060 Heosiaper
606 3983 681 4043 obss.
700 3928 840 4045 antibarb.
857 4004 886 4062 p.
902 3989 959 4045 363
970 4006 1027 4064 sq„
1058 3992 1237 4067 passiacum
1257 3994 1395 4051 Heiacolec

283 4067 462 4199 mss.
483 4061 830 4199 {tilla-tilla
842 4080 870 4208 ξ·
930 4066 1169 4202 loetali
1226 4074 1394 4206 ”allii

283 4218 434 4294 egeritur:
455 4226 622 4297 porregeret
642 4216 674 4287 S,
694 4229 861 4294 per-egeret
881 4222 916 4275 P.
1255 4189 1276 4205 Ἰ
1296 4192 1304 4207 ”
1324 4168 1363 4227 Pe
