3025 4859
593 371 817 426 mmmm.
1209 358 1255 431 m

236 538 296 608 His
317 538 396 608 alias
418 550 565 633 poteram
587 548 620 607 et
640 538 740 632 pluris
764 537 954 609 subnectere
975 562 1103 623 causas,
1198 552 1257 610 315

153 652 209 719 sed
231 651 373 719 iumenta
394 660 526 734 uocant,
549 660 582 719 et
603 650 653 719 sol
673 652 816 734 inclinat,
841 652 981 722 eundum
1003 659 1067 733 est3

151 784 227 829 nam
246 760 324 829 mihi
347 773 507 831 commota
528 763 702 831 iandudum
722 762 823 832 mulio
844 765 932 857 uirga

152 873 269 941 adnuit
305 897 383 968 ergo
404 875 478 943 uale
499 875 599 943 nostri
620 896 757 956 memor,
782 884 814 942 et
835 877 981 968 quotiens
1003 882 1036 942 te

151 982 255 1053 Roma
276 993 333 1052 tuo
355 985 442 1054 refici
463 994 689 1079 properantem
711 986 825 1054 reddet
847 988 988 1079 Aquino,

151 1120 203 1165 me
225 1119 356 1189 qnoque
376 1096 418 1164 ud
439 1095 611 1165 Heluinam
633 1094 787 1165 Cererem
809 1106 1014 1190 uestramque
1036 1094 1174 1164 Dianam
1198 1107 1258 1164 320

151 1218 303 1277 conuerte
325 1231 344 1274 a
366 1206 494 1289 Cumis,
517 1216 698 1275 saturarum
720 1230 798 1300 ego,
820 1209 853 1276 ni
874 1209 974 1299 pudet
995 1207 1080 1290 illas,

152 1320 277 1388 adiutor
298 1316 422 1413 gelidos
444 1320 572 1391 ueniam
593 1317 748 1412 caligatus
770 1320 802 1387 in
824 1312 947 1412 agros.'’

468 1556 791 1632 SATVRA
843 1556 944 1631 llll.

150 1766 236 1834 Ecce
256 1768 375 1834 iterum
397 1762 578 1857 Crispinus,
601 1774 634 1831 et
656 1774 705 1833 est
725 1764 801 1834 milri
826 1787 922 1856 saepe
944 1766 1110 1833 uocandus

151 1878 191 1945 ad
213 1887 335 1970 partes,
357 1885 535 1944 monstrum
557 1876 645 1945 nulla
666 1880 784 1945 uirtute
806 1876 1008 1967 redemptum

152 1990 294 2072 auitiis3
317 2011 433 2081 aegrae
455 1988 587 2081 solaque
607 1988 735 2056 libidine
757 1989 857 2053 torres

152 2100 299 2181 deliciae,
320 2100 435 2167 uiduas
456 2108 580 2168 tantum
602 2108 770 2193 spernatur
792 2096 925 2166 adulter.

150 2212 225 2303 quid
248 2212 346 2277 relert
367 2212 477 2304 igitur,
499 2212 623 2303 quantis
645 2212 787 2278 iumenta
809 2212 919 2301 fatiget

149 2324 340 2417 porticibus,
363 2331 481 2414 quanta
502 2344 671 2389 nemorum
692 2328 839 2388 uectetur
861 2322 893 2386 in
916 2318 1043 2399 umbra,

149 2435 261 2527 iugera
282 2442 362 2526 quot
384 2435 488 2501 uicina
510 2434 597 2513 loro,
620 2456 698 2525 quas
722 2432 834 2499 emerit
856 2427 978 2498 aedes?

149 2569 244 2614 nemo
265 2546 370 2612 malus
392 2542 482 2624 felix,
504 2544 635 2611 minime
656 2551 827 2635 corruptor
849 2549 881 2609 et
902 2542 987 2610 idem

149 2657 305 2738 incestus,
328 2679 403 2725 cum
425 2677 489 2749 quo
512 2677 615 2746 nuper
637 2654 747 2721 uitiata
768 2650 893 2721 iacebat

151 2879 218 2934 317.
239 2874 288 2932 ian
309 2872 416 2930 dodum
429 2876 464 2945 P,
484 2873 540 2929 iam
556 2869 664 2927 dudum
683 2890 713 2947 p.
803 2868 901 2927 Anoll.
914 2888 1036 2945 promtu.
1051 2889 1079 2945 p.
1087 2870 1144 2929 438
1159 2877 1217 2929 not.
1229 2871 1260 2929 lt:

147 2947 309 3012 ‘quenalis
328 2957 467 3025 correpto:
487 2949 575 3005 mulio
596 2940 715 3005 consul'
795 2951 863 3007 318.
885 2948 985 3005 adnuit
1005 2950 1071 3004 Por:
1092 2948 1183 3005 innuit
1196 2950 1246 3016 ὃς.

152 3039 240 3087 et-
260 3029 372 3104 Aquino
393 3029 527 3084 Meton
541 3028 712 3095 V111,7,34
723 3045 752 3101 p.
764 3028 830 3083 802.
933 3029 999 3085 319.
1021 3023 1112 3083 rufini
1132 3028 1167 3083 P.

151 3111 221 3165 320.
242 3105 396 3163 Heluinam
416 3106 491 3181 pes:
523 3104 666 3161 Heuinarn
687 3105 720 3174 P,
741 3102 874 3160 Eluinam
895 3122 929 3161 ω.
1017 3112 1200 3179 uestramque
1221 3122 1260 3160 ur:

153 3192 336 3258 uentumque
354 3185 389 3241 P.
468 3185 536 3239 321.
557 3190 692 3239 conuerte
713 3182 752 3236 P:
778 3178 910 3237 conaelle
927 3198 962 3238 ro.
1051 3189 1211 3237 saturarum
1231 3178 1260 3253 s:

151 3270 307 3410 satararfum
325 3262 362 3330 P,
382 3259 533 3317 satirarum
552 3276 607 3335 pur.
711 3261 778 3315 322.
800 3257 915 3315 adiutor
933 3276 993 3335 pto.-
1018 3256 1128 3315 ada-tor
1146 3260 1180 3327 P,
1207 3276 1259 3316 au-

153 3338 231 3395 ditor
264 3356 292 3395 o.

388 3432 462 3489 Sat.
482 3434 560 3490 1111.
599 3430 645 3489 De
665 3430 754 3509 piscis
774 3428 971 3505 magnitudine
991 3432 1025 3486 P.

153 3532 181 3586 1.
203 3534 233 3584 et
251 3534 297 3584 est
314 3523 420 3601 Prsplr:
440 3524 525 3584 adest
544 3544 580 3583 ω.
668 3529 698 3582 2.
720 3523 757 3581 ad
777 3532 875 3601 parter
896 3520 984 3600 Σρωε
1006 3522 1042 3581 ad
1063 3530 1161 3601 patres
1182 3524 1240 3580 PS.

151 3608 180 3662 3.
202 3621 236 3661 ae
272 3620 307 3661 ae
326 3605 363 3660 S:
383 3621 464 3679 aegra
484 3607 519 3675 P,
540 3620 628 3679 aeger
645 3620 702 3680 pur.
819 3600 909 3658 sortes
929 3600 1007 3673 PSf:
1026 3601 1108 3657 sortis
1130 3618 1165 3658 ω.

152 3682 182 3739 4.
204 3680 327 3739 deiciae
347 3682 409 3737 PB:
440 3680 559 3739 delicias
580 3698 616 3737 ω.
745 3676 849 3736 uiduus
870 3682 924 3736 Pu.
955 3678 1073 3737 delicias
1096 3678 1197 3735 uiduas
1219 3682 1258 3737 N.

151 3761 293 3817 Haustus
310 3756 532 3834 protutorem
579 3759 779 3834 p.IVp.721.
802 3755 907 3813 uiduae
928 3775 963 3826 ω,
986 3755 1100 3813 uetulae
1120 3759 1250 3831 Ruperti.

151 3834 1258 3990 11ῖ1213ξ31.1111.”1ἰ111131321511311111·111·

151 3994 181 4050 7.
202 4001 272 4067 quot
289 4007 351 4066 pto:
371 3990 450 4065 quod
469 3993 522 4056 Ρς.
619 3993 648 4048 8.
668 3988 798 4064 hymenis
820 3998 971 4066 corruptor
990 3986 1077 4045 cond.
1090 3986 1206 4061 Scireplr.
1220 3984 1260 4043 ud

154 4067 228 4125 Veli.
246 4071 418 4138 Pot.1,13,
448 4067 551 4125 mimae
573 4075 725 4144 corruptor
743 4068 899 4143 Scioppius
915 4066 1041 4122 armisius.
1058 4066 1113 4132 W,
1130 4069 1176 4121 10.
1198 4070 1257 4121 ort.

150 4147 220 4203 crit.
230 4164 260 4223 p.
269 4149 305 4205 71
318 4162 364 4221 sq.
398 4153 546 4222 correptor
565 4146 755 4203 aaronem
769 4162 833 4221 epp.
843 4147 892 4204 W
902 4160 930 4220 p.
943 4143 998 4201 143
1019 4139 1057 4212 of.
1073 4159 1101 4218 p.
1113 4142 1178 4199 151.
1190 4143 1257 4199 155.

149 4224 295 4285 721723.
395 4225 424 4282 3.
444 4223 544 4281 uitiata
562 4224 599 4281 δε
620 4223 722 4279 uittata
739 4224 803 4280 Pto.
