3025 4859
518 1299 780 1374 SATVRA
833 1299 860 1372 I.

437 1527 510 1576 CVR
548 1528 721 1576 serrula
764 1527 939 1576 sentuno.

221 1829 252 1895 l.
297 1801 443 1893 saurim
465 1849 537 1894 noo.
563 1824 745 1894 quenalem
768 1824 863 1918 aliqui
878 1821 1006 1892 Gallum
1029 1836 1158 1920 propter
1172 1850 1243 1897 cor-

137 1940 220 2031 poris
245 1937 509 2030 magnitudinem,
540 1935 634 2028 aliqui
656 1937 847 2027 Aquinatem
880 1935 995 2004 dicunt.
1039 1961 1076 2004 ea
1099 1947 1242 2031 tempora

136 2048 316 2118 Domiciani
338 2050 469 2138 tyranni,
493 2047 607 2139 quibus
630 2049 725 2113 etiam
746 2048 814 2138 ipsc
837 2047 925 2128 uixit,
948 2072 986 2115 eo
1010 2049 1096 2140 quod
1118 2050 1149 2116 in
1172 2049 1269 2119 aulas

134 2161 231 2251 ipsius
254 2158 326 2250 plus
349 2159 483 2225 striones
505 2181 601 2248 quam
622 2158 725 2225 bonae
746 2158 831 2224 uitae
853 2156 997 2225 homines
1013 2168 1151 2251 possent,
1172 2183 1245 2252 gra-

136 2273 215 2337 uiter
238 2270 364 2361 carpsit.
387 2267 446 2334 hos
469 2277 575 2334 autem
596 2267 694 2335 libros
721 2270 751 2335 in
781 2267 910 2335 exilium
934 2269 1049 2334 missus
1071 2268 1110 2335 ud
1134 2271 1244 2336 ciuita-

137 2392 200 2449 tem
227 2381 372 2449 ultimam
399 2379 539 2470 Aegypti
567 2375 700 2445 Hoasim
731 2377 770 2443 ab
799 2378 868 2470 ipso
897 2375 1087 2445 Doruiciano
1111 2381 1244 2471 scripsit

136 2494 204 2560 ideo
233 2500 342 2559 autem
369 2492 400 2557 in
431 2486 560 2556 exilium
585 2490 700 2554 missus
724 2497 781 2568 est,
810 2490 882 2580 quia
906 2489 983 2553 dixit
1004 2511 1134 2557 uersum
1154 2489 1245 2556 illum

139 2603 214 2692 [th
226 2605 300 2692 90],
319 2599 420 2693 ‘quod
443 2621 507 2667 non
531 2598 607 2665 dant
628 2621 788 2688 proceres,
812 2597 898 2664 dabit
919 2594 1014 2664 strio?
1037 2622 1122 2668 nunc
1137 2611 1244 2668 autem
1257 2625 1283 2666 io

136 2714 196 2782 hoc
226 2713 349 2781 inducit
376 2734 432 2803 per
454 2709 581 2802 figuras,
609 2710 700 2801 quasi
728 2718 859 2799 carptus
887 2710 927 2775 sit
949 2731 966 2775 a
988 2709 1111 2777 miseris
1133 2713 1243 2802 poetis,

137 2825 189 2916 qui
210 2823 254 2892 nil
276 2844 397 2889 nouum
419 2822 475 2888 sed
499 2819 644 2886 omnibus
666 2828 758 2886 notas
774 2818 896 2886 fabulas
911 2821 1088 2886 recitarent.
1122 2831 1155 2888 et
1170 2822 1245 2889 dicit

135 2935 235 3028 magis
257 2932 330 2999 ideo
353 2939 492 2998 saturam
513 2954 549 2996 se
570 2929 722 3011 scribere,
753 2939 789 2996 ut
812 2931 912 3023 possit
933 2953 1038 2998 mores
1059 2929 1141 2998 illius
1163 2939 1245 3000 tem·

134 3047 218 3137 poris
241 3041 486 3110 demonstrando
509 3049 629 3107 notare.

218 3157 249 3221 2.
295 3151 462 3219 Tnescma
485 3149 600 3218 Coum.
645 3150 773 3219 Cordus
805 3153 856 3221 hic
890 3163 983 3244 poeta
1017 3155 1075 3222 luit
1101 3157 1242 3236 uitiosus,
1256 3182 1282 3223 u

136 3267 189 3358 qui
216 3262 413 3356 tragoediam
437 3259 600 3345 (tabulam)
623 3259 740 3328 Thesei
762 3265 899 3354 scripsit3
934 3263 973 3330 de
1000 3287 1063 3356 quo
1093 3262 1245 3356 Virgilius

137 3377 215 3442 dixit
248 3376 347 3464 [Aen.
369 3369 428 3454 Vl,
451 3371 532 3459 617]
567 3365 674 3438 ‘sedet
712 3379 940 3465 aeternumque
973 3373 1096 3442 sedebit
1135 3374 1245 3441 infelix

136 3479 299 3553 Theseus?

219 3596 249 3661 3.
272 3592 347 3660 lone
371 3614 527 3658 roseros.
549 3600 677 3683 togatae
699 3602 774 3660 sunt
796 3593 959 3662 cornediae
974 3593 1114 3676 Latinae,
1138 3595 1244 3686 (pallia

139 3704 284 3790 Graece)
308 3701 418 3795 quales
439 3702 588 3768 Afranius
610 3704 694 3770 lecit.
1256 3737 1283 3777 20

137 3899 165 3955 4.
187 3893 222 3956 ed
243 3899 393 3973 tempores}
413 3895 444 3951 fl.
599 3897 627 3951 5.
648 3911 725 3951 cram
748 3892 912 3968 (corr.2or.
935 3894 1034 3970 etiam)
1055 3901 1089 3966 P,
1110 3904 1191 3953 erant
1211 3897 1243 3953 S.

139 3979 166 4029 o.
186 3984 307 4051 possunt
326 3973 385 4033 PS.
496 3999 501 4008 ·
558 3974 586 4029 8.
607 3969 660 4028 laos
680 3973 738 4038 PS,
760 3989 833 4028 corr.
856 3973 1015 4030 Froaolrius
1028 3991 1072 4030 aa.
1085 3976 1244 4048 ortt.p.50,

137 4049 227 4108 Oasin
247 4071 277 4127 ρ.
355 4060 384 4111 o.
405 4049 485 4108 illum
505 4065 560 4106 ooo.
583 4048 614 4104 S.
693 4054 740 4106 11.
763 4050 844 4123 quasi
864 4061 993 4128 carptum
1015 4069 1046 4107 se
1067 4069 1120 4128 per
1138 4047 1245 4125 figuras

139 4129 196 4184 ΡΒ.
216 4145 291 4186 corr.
305 4127 483 4186 Lachmann.
612 4130 660 4184 13.
681 4143 794 4182 sauram
815 4127 874 4184 ΡΒ.
1001 4131 1047 4185 17.
1068 4131 1141 4186 Post
1161 4125 1245 4184 sedet

139 4209 371 4281 romoaoriptom
389 4210 485 4263 sector
502 4205 538 4275 P,
557 4201 651 4261 sector
670 4204 703 4262 S.
799 4205 847 4261 20.
868 4200 1003 4262 Asconius
1023 4206 1082 4264 ΡΒ.
