3025 4859
603 418 750 477 snum
767 421 802 474 ll.

233 587 285 654 88.
306 608 426 657 remur
447 609 558 657 crusn.
581 587 683 681 pulsa.

233 699 285 765 89.
307 697 403 768 Socrs
423 723 486 768 nnn
508 724 604 770 nens.
627 701 707 769 haec
730 698 858 768 Cereris
881 723 971 770 sacra
995 700 1121 767 faciunt.

146 831 257 876 essen
279 807 336 877 les
358 834 536 880 raornunc.
565 835 639 881 cum
667 812 769 905 magis
799 814 889 879 nefas
911 814 951 880 sit
973 810 1013 878 ad
1035 809 1097 876 hoc
1119 810 1262 878 uirorum

148 940 343 1011 quemquam
370 922 540 1004 accedere,
568 923 705 1016 (magis)
736 925 812 991 uiris
838 932 927 1016 patet
953 930 986 989 ei
1013 919 1163 987 mulieres
1192 919 1261 1012 pel-

147 1028 265 1098 luntur.
1273 1057 1287 1098 ι

233 1141 285 1206 92.
310 1141 501 1213 Cccnoennr
524 1169 630 1214 sonrrr
652 1146 797 1214 Bnrrnn.
821 1144 954 1236 Baptae,
976 1141 1086 1210 titulus
1101 1140 1181 1224 libri,
1197 1166 1262 1235 quo

147 1250 301 1343 impudici
323 1255 552 1325 disseribuntur
562 1255 603 1323 ab
617 1255 784 1348 Eupolide,
806 1257 859 1348 qui
881 1254 1002 1322 inducit
1024 1255 1111 1321 uiros
1133 1254 1173 1321 ad
1193 1255 1263 1322 imi-

148 1363 303 1432 tationem
323 1365 512 1435 feminarum
535 1367 695 1434 saltantes.
846 1388 994 1435 nnssnnu.
1019 1365 1134 1457 baptae
1155 1373 1263 1432 autern

148 1471 274 1542 molles.
306 1499 370 1568 quo
390 1477 481 1545 titulo
504 1476 637 1568 Eupolis
660 1476 838 1545 comediam
861 1479 1000 1570 scripsit,
1031 1475 1072 1544 ob
1104 1499 1199 1568 quam
1221 1475 1261 1544 ab

148 1584 323 1668 Alcibiade,
347 1589 419 1679 quia
441 1590 614 1680 praecipue
635 1590 873 1681 perstrinxerat,
895 1596 1027 1656 necatus
1050 1597 1108 1656 est.
1195 1585 1261 1656 Co-
1275 1619 1303 1662 ιι

151 1718 272 1765 ernon.
292 1698 334 1766 ad
355 1699 539 1792 exemplum
561 1699 671 1790 Cotyti
694 1701 842 1770 dicuntur
863 1695 979 1766 lssiaca
994 1721 1083 1766 sacra
1100 1698 1262 1767 celebrari.

235 1807 287 1875 95.
310 1832 385 1878 rncc
406 1809 537 1880 Pnnno.
558 1812 591 1878 in
614 1811 750 1879 uitreum
766 1833 892 1902 penem.
915 1833 996 1902 quos
1011 1809 1174 1906 appellant
1190 1809 1264 1880 dril·

148 1917 287 2011 lopotas.

237 2032 288 2098 97.
313 2032 459 2102 Gnnsrun
481 2058 572 2102 nnsn.
596 2034 693 2126 polita
716 2033 862 2102 tenuiter.
887 2035 993 2120 (rasa).

237 2143 288 2210 98.
311 2141 363 2212 Er
385 2169 448 2213 run
469 2143 626 2215 lvnonsu.
650 2169 715 2213 non
736 2166 796 2236 per
812 2142 932 2224 louern,
956 2143 1011 2212 sed
1027 2166 1085 2234 per
1099 2141 1261 2214 lunonem.
1275 2173 1301 2214 rc

147 2252 203 2334 ita,
224 2253 334 2346 inquit,
356 2257 440 2322 serui
462 2257 575 2337 iurant,
596 2257 758 2348 quomodo
781 2254 927 2324 solebant
955 2253 1088 2322 ancillae
1110 2259 1262 2326 matronis

148 2363 317 2432 adulantes
334 2360 407 2459 ‘per
427 2364 579 2435 lunonem
601 2363 708 2434 tuam?

239 2476 290 2542 99.
313 2499 387 2545 nnc
410 2501 528 2546 renen.
554 2476 728 2568 [Oruonrs]
751 2499 869 2546 nomen
893 2476 1059 2546 cuiuslibet
1082 2479 1170 2586 lprtis
1193 2479 1262 2561 uiri,

149 2589 332 2680 suiipsius
362 2587 476 2656 Otonis
505 2597 562 2656 est
597 2588 790 2675 (subnotatio
818 2585 911 2656 huius
938 2597 1024 2657 retro
1057 2589 1173 2681 scripta
1206 2587 1263 2657 ubi

151 2960 181 3014 2.
203 2957 309 3034 baptae
329 2954 396 3014 odd.
412 2961 445 3014 V.
524 2959 552 3016 6.
566 2950 627 3016 ‘res
645 2974 715 3014 uero
734 2959 801 3033 ipsc
819 2960 870 3028 sic,
891 2963 926 3014 ct
936 2960 1055 3033 exponit
1066 2958 1189 3029 Probus,
1209 2959 1263 3020 bo-

152 3032 211 3092 bst.
238 3038 350 3110 Bcptoe
374 3033 533 3104 cornocdiu,
558 3038 668 3111 inquit,
692 3033 752 3106 {uit
777 3038 805 3092 in
831 3053 890 3110 quo
910 3033 1032 3110 Eupolis
1055 3036 1165 3095 inducit
1182 3042 1264 3098 uiros

153 3109 345 3169 Atinenicnees
365 3114 394 3168 in
414 3114 606 3171 incitationem
625 3111 817 3184 foeminarum
837 3110 977 3170 saltantes
995 3110 1103 3172 iussere
1111 3115 1264 3190 psaltriam

156 3189 289 3260 Gomon.
322 3190 441 3261 (totptos
461 3189 537 3265 opud
555 3188 745 3247 Athenienses
763 3188 888 3265 psaltria
914 3207 1000 3264 quom
1025 3189 1198 3266 effoeminati
1218 3213 1264 3252 cc·

151 3263 217 3322 lunt
235 3272 324 3323 noctu
341 3265 425 3324 illam
444 3266 590 3324 Mnrntcs.
623 3270 735 3343 Baptae
754 3266 860 3324 titulus
882 3265 959 3336 iibri,
987 3286 1040 3343 quo
1061 3269 1195 3345 impudici
1214 3271 1262 3328 ds·

149 3335 333 3401 momine?
358 3347 391 3402 t'.
487 3348 516 3402 7.
537 3343 697 3422 impudices
717 3346 749 3401 S.
829 3345 919 3400 uirurn
939 3346 997 3402 PS.
1095 3351 1122 3404 8.
1146 3349 1264 3405 calcan-

151 3429 197 3478 tes
217 3422 276 3478 Ps.
383 3421 494 3480 lassare
514 3423 662 3499 psaltriam
682 3439 711 3496 p.
732 3420 853 3499 psaltria
874 3426 925 3478 cut
943 3424 1041 3496 potius
1060 3424 1180 3502 psaltrio
1200 3428 1263 3482 siue

150 3497 292 3576 psalterio
312 3497 340 3555 lt.
497 3491 623 3574 ‘Baptae
641 3497 751 3557 nroilee.
771 3515 827 3572 quo
848 3495 930 3554 titolo
949 3500 1072 3574 Eupolis
1092 3501 1264 3560 comoediam

151 3576 284 3650 scripsit,
309 3573 344 3633 ob
369 3594 457 3653 qoam
475 3575 642 3636 Alcibiades
662 3592 745 3650 qoem
763 3575 916 3651 praecipue
934 3580 1147 3651 perstrinccrot
1166 3581 1263 3637 nescit

150 3652 250 3727 ipsunt
268 3655 300 3710 in
318 3670 397 3711 incre
413 3651 630 3729 praecipitando
649 3651 760 3709 dicens:
779 3658 813 3709 nt
833 3657 866 3708 tu
884 3669 928 3708 ine
946 3654 976 3710 in
998 3653 1117 3714 tbcctris
1136 3656 1262 3729 madefe-

151 3731 314 3787 detinens
335 3747 386 3804 spo
406 3737 434 3787 te
452 3734 482 3788 in
501 3734 574 3789 muri
593 3722 804 3800 madefactum.³
830 3732 864 3786 V.
1002 3736 1048 3790 11.
1071 3732 1262 3809 Cotytriorurn

152 3801 385 3878 Seburtzpleiecb.
464 3812 511 3867 12.
532 3807 705 3884 drilloporae
725 3808 783 3863 PS.
805 3825 876 3864 corr.
897 3805 1125 3881 Scburtziiciecb.
1145 3811 1261 3889 phallo-

151 3891 238 3960 potas
251 3890 304 3941 cut
320 3883 551 3962 ueretrillopotas
575 3882 1038 3960 Gnoutonasaitccptr.1²errtn.
1053 3891 1081 3946 8.
1142 3893 1188 3947 18.
1209 3908 1261 3947 ne·

151 3962 231 4017 tonis
251 3961 310 4019 Pu.
340 3963 478 4019 matronis
502 3965 535 4020 V.
566 3962 651 4019 heros
672 3980 740 4017 suos
765 3961 794 4018 G.
811 3959 914 4020 Bartb.
944 3961 1022 4021 beris
1043 3965 1102 4021 suis
1123 3965 1263 4023 Scirurtz·

189 4037 257 4096 ‘cb
401 4043 448 4096 19.
470 4058 525 4096 uue
545 4041 604 4097 PS.
626 4038 673 4094 ubi
693 4037 872 4096 Lccbnrcnn.
894 4043 998 4097 etenim
1017 4058 1091 4115 quae
1105 4049 1266 4117 seqriuntur

162 4107 416 4194 occiso-lapidi?
438 4118 461 4174 S
480 4134 509 4175 a.
531 4122 569 4177 90
588 4117 717 4192 apponit,
742 4118 770 4173 P
786 4133 909 4189 morsus
930 4119 1050 4175 omittit.
1072 4137 1142 4194 price
1162 4117 1264 4192 consu·

152 4195 196 4250 rio
215 4211 280 4251 cunt
299 4193 331 4250 in
351 4194 513 4268 antiquiore
533 4193 625 4252 codice
634 4194 693 4249 ἰαιιι
709 4191 913 4250 animaduerso
931 4191 1046 4266 fatiscet,
1059 4195 1263 4272 pulrncesipnc

153 4276 238 4350 atquc
257 4269 312 4330 lrcc
331 4269 518 4330 ednotmbne
536 4269 643 4330 additis
666 4271 772 4326 uitium
796 4276 937 4345 quantem
962 4267 1026 4342 pieri
1049 4275 1145 4349 potuit
1170 4291 1263 4332 emen·
