3025 4859
508 931 1077 1010 D.lVNillVVENALlS

365 1113 1233 1207 SATVRARVM

624 1338 752 1391 LIBER
773 1339 974 1395 QVINTVS.

552 1728 878 1802 SATVRA
929 1725 1046 1800 XIII.

243 1897 418 2010 Exemplo
441 1916 666 2010 quodcumque
689 1920 774 1987 maio
798 1919 1012 1997 committitur,
1035 1917 1095 2006 ipsi
1246 1810 1323 1957 γὸ

245 2030 390 2121 displicet
412 2028 543 2095 auctori.
577 2030 676 2119 ptime
700 2038 748 2097 esi
770 2030 851 2096 haec
872 2027 960 2108 ultio,
984 2026 1070 2118 quod
1092 2048 1128 2091 se

246 2140 352 2207 iudice
374 2160 469 2206 nemo
492 2164 611 2209 nocens
633 2139 817 2219 absoluitm,
839 2136 982 2228 improba
1004 2136 1151 2226 quamuis

246 2251 347 2343 gratia
371 2246 474 2316 fallaci
496 2253 651 2342 praetoris
674 2251 787 2317 uicerit
808 2271 896 2317 urna.

246 2361 323 2452 quid
345 2360 463 2425 sentire
484 2368 577 2450 putas
600 2384 720 2441 omnes,
744 2359 888 2438 Caluine‚
909 2356 1029 2422 recenti

249 2470 289 2537 de
312 2468 433 2535 scelere
456 2478 488 2535 et
509 2469 580 2536 [idei
603 2469 740 2535 uiolatae
764 2464 917 2537 crimine?
940 2465 996 2531 sed
1018 2488 1080 2532 nec

248 2589 315 2646 tam
337 2580 440 2645 tenuis
463 2602 579 2647 census
601 2578 655 2645 tibi
679 2579 820 2671 contigit,
842 2588 878 2645 ui
900 2577 1069 2644 mediocris

248 2689 389 2755 iacturae
413 2696 443 2754 te
466 2698 590 2782 mergat
612 2712 702 2770 onus,
725 2712 785 2756 nec
807 2712 876 2756 ram
898 2689 1043 2756 uidemus

144 2842 148 2849 -
248 2820 332 2889 quae
353 2798 487 2888 pateris3
510 2820 604 2864 casus
627 2798 734 2866 multis
756 2798 808 2865 hic
831 2800 978 2890 cognitus
1000 2820 1037 2863 ac
1058 2798 1122 2863 iam

249 2907 342 2972 tritus
365 2915 397 2972 et
419 2928 437 2971 e
459 2907 564 2973 medio
587 2909 731 2975 fortunae
754 2908 869 2975 duetus
891 2930 1017 2974 aceruo.

249 3036 406 3108 ponamus
427 3016 542 3081 nimios
564 3020 709 3108 gemitus.
745 3018 929 3113 ssegraniior
951 3040 1053 3108 aequo

249 3146 314 3191 non
337 3122 433 3191 debet
455 3123 545 3191 dolor
568 3148 638 3193 esse
661 3128 728 3208 uiri,
750 3150 811 3194 nec
832 3125 966 3193 uulnere
987 3128 1095 3193 maior.

248 3243 285 3300 tu
308 3234 453 3325 quamuis
474 3232 594 3301 leuium
618 3239 779 3304 minimam
802 3238 1015 3328 exiguamque
1038 3234 1194 3302 malorum

705 3405 783 3463 Sat.
803 3406 907 3461 xm.

250 3502 269 3554 2
282 3517 326 3575 eq.
347 3501 649 3633 Kriina-absoluitur
667 3502 756 3560 schol.
768 3506 848 3561 siat.
865 3502 948 3561 ssei.
961 3507 1020 3571 m,
1031 3502 1058 3558 4.
1151 3500 1361 3557 nee—absolui·

250 3584 297 3631 tur
315 3593 347 3634 ec
367 3576 406 3633 ol.
417 3580 529 3635 Lucam
543 3582 610 3647 VH,
623 3581 690 3638 784.
710 3579 1019 3638 Macrobiueineemn.
1030 3581 1109 3653 Βοὴ).
1121 3582 1145 3646 I,
1161 3582 1207 3646 10,
1222 3581 1274 3635 12:
1292 3570 1364 3635 ‘Nec

251 3650 312 3708 uile
327 3651 385 3709 eibi
399 3656 588 3712 itineratione
601 3660 749 3731 parcentis
762 3656 822 3730 1090
831 3656 886 3714 ime
901 3675 961 3732 qua
981 3675 1012 3713 se
1032 3654 1128 3712 iudice
1149 3673 1233 3711 nemo
1254 3672 1362 3711 nocens

252 3722 429 3786 absoluimr.’
514 3731 543 3789 4.
564 3734 683 3789 semiue
694 3732 731 3790 ad
747 3736 830 3809 Very.
842 3733 914 3790 Aen.
929 3737 980 3800 VI,
987 3733 1055 3789 431.
1131 3730 1230 3787 faliaci
1251 3730 1362 3804 Pimyg:

250 3802 364 3861 fallacis
384 3824 429 3881 pm
449 3808 545 3863 Seruii
558 3807 639 3867 codd.
797 3829 867 3868 uma
887 3808 1004 3884 PSbyge
1023 3827 1123 3865 umam
1144 3826 1169 3863 ω
1189 3809 1322 3864 Seruius.

251 3883 280 3939 5.
301 3882 406 3939 retenti
426 3884 648 3957 numeravere.
664 3886 796 3955 immi,
808 3891 853 3945 17.
956 3893 984 3943 6.
1005 3884 1073 3942 fidei
1092 3903 1153 3961 pm:
1172 3882 1230 3941 fide
1250 3887 1284 3940 P.

252 3957 450 4034 crimineque:
471 3961 606 4019 criminae
628 3965 661 4019 Ρ.
750 3971 777 4023 9.
799 3982 833 4019 ac
853 3965 910 4020 iam
930 3966 998 4020 Pm:
1018 3971 1062 4020 est
1082 3963 1138 4018 iam
1158 3980 1187 4036 p,
1207 3969 1238 4018 et
1256 3961 1313 4017 iam
1334 3976 1361 4027 ς.

251 4037 298 4091 11.
318 4032 485 4110 flagrantior
502 4055 562 4111 pm:
583 4036 729 4113 {ingratior
748 4044 783 4095 P.
843 4045 890 4097 12.
911 4041 965 4097 uiri
984 4058 1043 4116 pm:
1064 4039 1125 4096 ueri
1145 4041 1179 4095 P.
1250 4040 1296 4094 13.
1318 4037 1363 4093 la·

253 4110 351 4167 borum
372 4110 433 4182 δίς.
