3025 4859
603 362 749 418 sn't't'nn
768 367 799 419 v.
1184 352 1261 429 229

143 548 210 620 que
231 528 445 619 quaestoriam
467 538 677 623 compararet.
701 554 800 622 quare
816 556 873 625 per
888 533 980 602 ludos
996 532 1109 626 quibus
1122 536 1258 626 primum
1330 569 1338 580 ·

143 627 217 707 {iffi
237 637 398 705 ordinibus
421 640 509 721 sedit,
532 640 611 708 haec
635 642 789 733 apopulo
811 646 843 712 in
864 669 937 713 eum
955 645 1141 713 dictasunt:
1160 640 1260 713 ‘aliud

146 752 299 841 scriptum
326 744 423 813 habet
449 747 653 831 Sarmentus,
689 750 774 819 aliud
801 756 939 846 populus
968 754 1124 821 uoluerat.
1164 757 1258 847 digna

145 860 262 952 dignis:
292 858 338 923 sic
360 856 547 927 Sarmentus
573 859 690 927 habeat
717 884 840 931 crassas
869 864 1051 955 compedes.
1084 866 1193 933 rustici
1215 887 1257 933 ne

142 968 222 1039 nihil
243 969 353 1061 agatis,
376 966 487 1059 aliquis
510 970 715 1039 Sarmentum
737 970 864 1067 alliget?
888 984 955 1041 tum
966 983 1002 1041 ut
1017 996 1146 1041 causam
1161 996 1280 1041 usur-s

141 1088 237 1173 patae
260 1079 418 1171 dignitatis
439 1079 517 1147 dixit
538 1081 687 1172 precibus
710 1092 742 1150 et
764 1086 863 1175 gratia
887 1094 1047 1151 summoto
1070 1091 1257 1151 accusatore

142 1192 291 1259 dimissus
314 1197 371 1269 est,
394 1212 468 1257 curn
489 1192 575 1282 apud
596 1192 717 1259 iudices
739 1193 814 1260 nihil
837 1168 922 1262 aliud
946 1196 1063 1263 docere
1076 1200 1256 1284 temptaret,

142 1324 240 1392 quam
262 1322 448 1367 concessam
471 1299 530 1367 sibi
552 1300 729 1369 libertatem
751 1324 769 1368 a
792 1302 967 1385 lleceuate,
990 1303 1028 1370 ad
1044 1327 1140 1394 quem
1155 1304 1255 1369 rectio

141 1411 300 1479 bonorum
324 1410 446 1479 Fauoni
468 1412 671 1504 pertinuerat.
698 1414 763 1477 iam
793 1421 900 1480 autem
926 1436 1026 1481 senex
1053 1413 1084 1478 in
1107 1410 1253 1478 maximis

138 1522 393 1603 necessitatibus,
415 1522 456 1589 ad
479 1545 558 1614 quas
581 1520 708 1589 libidine
723 1520 912 1613 luxuriaque
929 1524 1098 1601 deciderat,
1121 1529 1251 1589 coactus
1265 1554 1292 1596 ω

139 1632 324 1713 auctionari,
347 1656 420 1701 cum
442 1634 699 1724 interrogaretur,
728 1654 786 1698 cur
814 1634 967 1723 scriptum
988 1653 1116 1721 quoque
1140 1650 1253 1696 censo-

138 1743 223 1809 rium
243 1742 406 1824 uenderet,
429 1767 492 1811 non
513 1744 659 1823 infacete,
681 1739 783 1809 bonae
796 1766 831 1809 se
846 1741 1020 1808 memoriae
1036 1764 1107 1808 esse
1118 1740 1252 1832 perdita.

224 1853 255 1919 4.
279 1850 391 1920 Ganos
414 1876 579 1921 rvnrssnr.
600 1852 729 1942 parasiti
751 1851 900 1919 Caesaris
921 1854 1059 1922 luerunt.

225 1964 256 2029 5.
279 1986 410 2030 vnnrnn
443 1986 531 2031 unnn
564 1986 650 2030 uovr.
690 1962 855 2050 [Qmuvrs
889 1962 1034 2051 rvanro].
1074 1960 1136 2029 hoc
1164 1960 1251 2051 [est],

137 2074 286 2167 quamuis
308 2074 466 2164 parasitus
487 2072 687 2141 iureiurando
710 2072 885 2140 conlirrnet.
1262 2102 1288 2143 rs

225 2182 289 2267 (15.
311 2206 355 2249 rr
377 2208 517 2261 ovauvrs
540 2206 569 2250 n.
594 2208 624 2249 r.
647 2188 701 2270 sn.)
725 2183 755 2248 7.
780 2184 904 2273 [rvrnl.
924 2189 1002 2275 puta
1025 2192 1057 2250 et
1079 2182 1141 2251 hoc
1162 2180 1250 2273 quod

136 2290 196 2358 tibi
217 2300 387 2383 paupertas
410 2292 505 2360 dabat
527 2293 662 2361 delicere
683 2294 835 2384 potuisse,
857 2296 1038 2387 nonpotius
1062 2292 1138 2383 [est]
1160 2314 1251 2359 men·

136 2402 247 2469 dicare
268 2424 364 2493 quam
386 2402 448 2471 hoc
469 2398 557 2496 pati?

138 2584 169 2639 1.
189 2596 245 2656 per
260 2596 310 2635 eos
325 2574 409 2633 ludos
421 2574 583 2633 Salmasius
599 2574 632 2633 da
645 2578 730 2652 prior.
744 2593 839 2653 popae
848 2582 878 2633 2.
962 2576 1011 2652 qui
1022 2577 1060 2633 ibi
1071 2576 1180 2654 primus
1193 2578 1250 2633 ΡΒ.

137 2658 362 2729 cormlitttpcrs.
384 2652 488 2729 quibus
508 2653 607 2731 primis
626 2672 656 2728 p.
678 2654 781 2729 quibus
803 2654 933 2731 primitus
954 2652 1251 2722 nortmannum,

137 2736 190 2792 28.
211 2733 314 2808 quibus
331 2731 456 2807 primum
474 2732 498 2786 is
520 2728 670 2787 Dorloons.
698 2750 761 2786 curu
781 2732 890 2808 primus
910 2733 1051 2787 Eramito.
1073 2731 1141 2806 quia
1161 2729 1251 2788 liber-

137 2811 216 2865 tinus
240 2810 271 2866 (l.
284 2806 384 2865 Bortlt.
475 2810 535 2865 dat
550 2808 578 2863 4.
599 2806 779 2864 Sarmentius
800 2810 858 2866 PS.
875 2825 949 2865 corr.
965 2826 995 2883 p.
1087 2807 1115 2864 4.
1138 2824 1252 2864 crassos

136 2888 200 2944 ΡΒ.
215 2902 289 2943 corr.
303 2902 332 2962 p.
420 2885 448 2941 5.
469 2884 553 2959 agitis
574 2886 633 2941 ΡΒ.
648 2901 722 2940 corr.
732 2901 762 2959 p.
842 2883 909 2941 duur
930 2894 961 2940 ut
979 2886 1038 2941 ΡΒ.
1050 2900 1125 2941 corr.
1135 2898 1161 2940 t.
1183 2882 1251 2939 dum

137 2972 236 3021 sutem
255 2980 284 3037 p.
310 2960 425 3020 demum
446 2971 477 3017 ut
496 2960 648 3019 Doricam.
679 2959 746 3016 dnm
768 2978 884 3019 causam
905 2970 935 3017 ut
954 2964 1091 3035 Rutpsrs.
1123 2958 1252 3017 dicturus

140 3042 175 3099 G.
196 3038 299 3098 Bortlt.
353 3050 358 3055 ·
415 3040 443 3095 6.
469 3038 541 3095 dixit
563 3056 589 3095 s.
616 3036 662 3093 lric
687 3039 746 3094 ΡΒ.
772 3038 831 3114 agit
856 3056 886 3115 p.
919 3040 977 3113 egit
1003 3035 1152 3095 Dorlsous.
1183 3036 1253 3093 dicit

137 3120 277 3191 Rutpers.
406 3134 460 3192 pro
481 3114 591 3172 ciuibus
612 3124 642 3173 et
661 3116 719 3171 ΡΒ.
731 3132 806 3173 corr.
817 3132 847 3192 p.
877 3116 1024 3193 proclinus
1045 3132 1080 3171 ex
1103 3115 1132 3172 c.
1147 3112 1250 3171 Bortlt.

136 3192 320 3252 Mecaenatis
340 3210 427 3271 prece
448 3193 532 3247 uiuus
552 3188 780 3263 Sclurrtztlsisolt.
875 3196 903 3249 8.
926 3190 1004 3265 quod
1024 3192 1082 3249 ΡΒ.
1097 3208 1170 3248 corr.
1181 3206 1212 3267 p.

139 3288 229 3347 quarn
239 3269 269 3326 id
280 3286 448 3327 concessum
459 3269 512 3325 sibi
521 3268 693 3325 liberalitate
703 3268 883 3325 Maecenatis
898 3269 928 3325 (l.
938 3265 1041 3325 Bortlr.
1120 3268 1210 3325 sectio
1219 3284 1249 3341 p.

139 3348 233 3405 cretio
256 3348 285 3405 c.
299 3346 402 3404 Bottia.
501 3350 529 3405 9.
551 3344 648 3401 Fauor
667 3346 726 3401 PS.
738 3362 813 3403 corr.
826 3362 855 3420 p.
948 3352 996 3399 aut
1017 3352 1047 3398 ut
1067 3344 1125 3400 PS.
1136 3360 1209 3401 corr.
1220 3360 1250 3417 p.

140 3428 191 3484 11.
213 3424 377 3480 auctionare
403 3424 461 3480 ΡΒ.
488 3438 563 3480 corr.
591 3419 745 3480 Doriscos.
886 3421 1075 3494 interrogaret
1095 3421 1152 3476 ΡΒ.
1176 3435 1251 3476 corr.

139 3502 279 3561 Ercmito.
300 3501 509 3575 interrogarent
530 3500 559 3557 C.
573 3496 675 3555 Bottia.
812 3496 1003 3574 conscriptum
1025 3497 1083 3553 ΡΒ.
1095 3513 1168 3553 corr.
1182 3512 1211 3572 p.

140 3578 338 3655 quaestorium
358 3580 494 3651 Rutpcrs.
521 3574 689 3632 Solnmsiss
704 3572 737 3630 de
752 3574 834 3649 prim.
852 3590 944 3649 popae
960 3576 988 3631 2.
1015 3574 1176 3630 censorium
1197 3590 1251 3630 om.

139 3648 1251 3730 Satmssmepsttsmrauromoa.aas.Wactrerrpoetruott.rettpaaosq.

140 3735 191 3792 12.
213 3734 288 3788 bona
309 3749 379 3788 suae
402 3727 554 3789 llorlesrts.
631 3727 794 3807 praeditam
808 3730 942 3801 Rutpers.
963 3726 1144 3805 praedicauit
1157 3724 1253 3784 Rute-

139 3808 211 3867 ntus
227 3807 319 3866 eleott.
337 3810 381 3876 11,
394 3810 442 3865 28.
463 3805 592 3884 prodidit
611 3804 776 3864 Salmasius
791 3802 823 3861 de
837 3806 920 3879 prim.
935 3820 1031 3881 popae
1042 3807 1071 3861 2.
1102 3802 1253 3881 respoudit

140 3884 306 3944 Salmasius
315 3903 358 3961 ep.
371 3884 409 3942 od
422 3886 593 3941 &musterus
603 3887 651 3942 82.
670 3881 783 3959 perdita
795 3900 825 3937 re
834 3883 1018 3939 Bmmuuuus
1030 3878 1192 3937 odPetroa.
1204 3880 1252 3936 66.

139 3982 174 4020 re
194 3962 308 4041 perdita
322 3959 472 4038 respoudit
493 3963 675 4017 Burmannus
685 3956 725 4016 od
736 3956 818 4015 ostis.
830 3960 899 4016 Lol.
912 3961 929 4015 l
937 3974 965 4034 p.
974 3960 1040 4015 306.
1100 3961 1147 4013 13.
1169 3956 1253 4032 Gap·

139 4041 235 4175 pp&
266 4118 273 4131 ι
298 4032 467 4131 ’‘Appicius
488 4036 518 4115 [l.
539 4040 572 4093 Α.
587 4033 743 4170 Sulpicius]
768 4032 859 4093 Golia
877 4032 929 4091 sub
945 4033 1060 4127 lilerio
1080 4050 1181 4090 scurra
1200 4050 1253 4089 no-

137 4115 390 4270 ‘crppppp'tmp'pu
408 4113 788 4262 noiiifsisi‘irdimaa
803 4112 1123 4263 iiariuissdudsdlddli
1139 4124 1177 4246 is
1201 4184 1254 4245 ltoc

140 4269 304 4349 appellato,
325 4266 702 4345 sustenementum
722 4258 915 4342 concrepitu?
940 4268 973 4323 V.
