3025 4859
229 304 331 383 ,388
555 320 720 377 nunno.
739 319 1048 378 nnnnvsnens

782 487 830 557 ΙΙΙ.

336 598 491 668 quenalis
513 601 574 668 iste
596 601 762 693 Aquinatis
785 601 856 682 tuit,
885 601 916 670 id
939 609 988 668 est
1009 624 1052 667 ex
1072 600 1211 691 Aquinio
1235 596 1367 691 oppido,

253 709 451 803 temporibus
473 709 610 779 Neronis
634 710 759 779 Claudii
781 714 989 803 imperatoris.
1019 712 1121 804 prima
1143 718 1247 779 aetate
1269 706 1367 789 siluit,

254 824 294 891 ad
315 822 453 891 mediam
476 824 543 889 sere
565 831 702 889 aetatem
725 820 931 904 declamauit,
960 823 1045 889 unde
1072 831 1105 887 et
1127 822 1218 913 quasi
1240 820 1294 887 diu
1316 828 1368 885 ta·

227 935 327 1002 ⁵cuit
351 934 427 999 iecit
449 932 604 1023 quosdam
627 932 780 1000 uersusin
796 932 944 1002 Paridem
960 933 1200 1024 pantomimum,
1217 931 1272 1023 qui
1286 940 1368 998 tune

251 1044 404 1135 temporis
427 1043 513 1135 apud
531 1042 754 1134 imperatorem
771 1042 943 1136 plurimum
964 1052 1099 1135 poterat.
1120 1041 1183 1111 hae
1205 1042 1245 1110 de
1267 1062 1369 1111 eausa

252 1157 340 1223 uenit
359 1155 392 1221 in
414 1152 642 1244 suspicionem,
677 1154 767 1245 quasi
794 1156 885 1221 istius
906 1155 1106 1246 imperatoris
1133 1162 1280 1245 tempora
1305 1172 1369 1219 no·

252 1273 359 1333 tasset
380 1266 426 1332 sio
449 1262 580 1329 obtentu
604 1261 732 1330 militiae
755 1263 867 1355 pulsus
891 1265 967 1332 urbe
986 1265 1115 1333 tandem
1129 1263 1268 1331 Romam
1290 1284 1369 1329 eum

253 1376 375 1443 ueniret
397 1383 430 1441 et
451 1371 626 1441 Martialem
649 1395 742 1441 suum
765 1397 828 1442 non
857 1376 997 1459 uideret,
1025 1376 1068 1444 ita
1096 1375 1221 1443 tristitia
1248 1380 1281 1440 et
1308 1394 1368 1440 an·

215 1515 241 1556 rn
254 1508 333 1580 gere
355 1485 448 1576 periit
469 1506 551 1551 anno
569 1485 681 1551 aetatis
705 1506 783 1551 suae
806 1484 904 1553 altero
927 1496 960 1554 et
982 1486 1211 1578 octuagesimo.

775 1593 834 1662 ΙΙΙΙ.

337 1704 380 1775 Μ.
401 1703 507 1773 lunius
527 1702 704 1786 iuuenalis,
737 1730 780 1773 ex
802 1708 974 1800 municipio
996 1708 1159 1801 Aquinati,
1188 1707 1307 1774 ordinis
1329 1715 1367 1772 ut

251 1819 350 1885 fertur
370 1816 599 1896 libertinorum,
619 1812 744 1883 Romae
766 1815 865 1883 literis
889 1838 1021 1909 operam
1043 1818 1138 1886 dedit
1172 1815 1366 1885 declamauit

252 1950 317 1994 non
338 1925 490 1993 mediocri
511 1926 604 2005 tama,
634 1932 669 1991 nt
694 1926 764 2015 ipse
786 1924 907 1993 scribit:
936 1923 985 1994 ‘et
1006 1951 1064 1997 nos
1086 1926 1254 1996 consilium
1277 1923 1366 1992 dedi·

214 2060 325 2108 remus
347 2031 475 2125 Syllae?
512 2034 662 2101 extremis
684 2031 860 2103 Domitiani
887 2025 1084 2130 temporibus
1106 2040 1221 2105 missus
1242 2038 1275 2103 in
1295 2036 1366 2103 exi·

250 2146 328 2215 lium
351 2156 502 2237 expertus
524 2153 572 2212 est
589 2154 741 2235 quantum
765 2146 858 2212 unius
880 2146 1039 2217 histrionis
1060 2150 1104 2214 ira
1128 2146 1261 2215 ualeret.
1285 2169 1365 2214 exu-

252 2256 330 2326 lauit
351 2258 383 2324 in
404 2258 553 2349 Aegypto
576 2254 635 2322 sub
658 2254 766 2346 speeie
792 2252 921 2323 honoris
943 2280 1003 2326 neo
1024 2258 1099 2326 inde
1121 2281 1140 2324 a
1161 2260 1254 2325 nouis
1277 2258 1365 2349 prin·

250 2368 373 2462 cipibus
389 2376 559 2435 reuocatus
572 2374 629 2435 est.
651 2366 683 2432 in
706 2364 802 2432 exilio
825 2366 989 2457 ampliauit
1011 2378 1134 2458 satyras
1155 2376 1188 2435 et
1209 2366 1365 2459 pleraque

253 2480 396 2560 mutauit,
425 2476 647 2569 inuehiturque
675 2477 705 2543 in
735 2476 859 2543 eineres
884 2475 1069 2546 Domitiani.
1105 2479 1245 2546 decessit
1264 2477 1364 2571 longo

214 2590 341 2659 rosenio
364 2590 529 2658 coniectus
553 2586 628 2675 exul
649 2587 810 2655 Antonino
833 2584 891 2654 Pio
914 2590 1114 2681 imperatore.

335 2811 419 2879 Cum
443 2834 485 2878 ex
499 2810 624 2902 Aquino
647 2810 819 2901 municipio
841 2806 979 2877 Romam
1001 2834 1037 2878 se
1058 2808 1245 2879 contulisset
1268 2810 1362 2877 etad

251 2922 435 3014 dignitatem
457 2922 612 3011 equestris
635 2922 752 2989 ordinis
774 2922 944 3011 peruenire
968 2943 1025 2988 sua
1047 2920 1164 2988 uirtute
1184 2920 1363 3001 meruisset,

251 3032 292 3099 ad
312 3032 452 3099 mediam
479 3032 546 3098 fere
578 3040 715 3099 aetatem
745 3029 937 3099 declamauit
967 3038 1000 3097 et
1025 3031 1057 3097 in
1078 3028 1227 3099 Paridem
1248 3039 1364 3123 panto·

215 3166 240 3207 rs
254 3143 396 3224 mimum,
417 3140 472 3233 qui
492 3142 525 3207 in
548 3139 667 3209 deliciis
689 3143 775 3234 apud
797 3143 1021 3233 imperatorem
1042 3138 1235 3226 habebatur,
1264 3166 1362 3236 quae·

250 3384 299 3442 ΙΙΙ.
324 3378 437 3442 ‘enatet
462 3385 492 3441 in
522 3382 584 3442 eod.
614 3402 666 3442 nro.
697 3387 740 3442 Is.
770 3387 865 3443 Vossii
889 3402 919 3441 ιι.
951 3383 986 3442 el.
1016 3390 1210 3462 ausuramque
1235 3382 1363 3461 praefert

251 3460 503 3533 Aetnensium,
533 3460 583 3519 sod
609 3458 725 3519 uidetur
752 3468 848 3519 ionren
867 3463 967 3539 potins
986 3478 1022 3519 ee
1041 3465 1191 3538 superiori
1218 3464 1285 3519 etto
1309 3478 1362 3519 es·

250 3557 351 3672 metm!
375 3556 439 3672 pelp'¹
451 3540 609 3673 dornetpnp
638 3544 691 3596 orit
714 3536 1087 3673 Pf⁰⁶“”2.““‘‚5ff⁶‘t'¹ff
1116 3546 1167 3596 orat
1186 3538 1362 3674 ErpontAbimrr

252 3634 290 3673 on
325 3633 395 3672 ιιιιιι
439 3634 527 3671 roorn
568 3635 589 3673 -o
606 3632 682 3674 orern
722 3634 832 3674 romano
849 3633 934 3673 scuni.
993 3634 1135 3675 ιιιιιιιιιιιι.
1240 3656 1249 3673 .
1315 3634 1359 3671 ur-

251 3693 469 3768 nas--Aqnino
479 3636 612 3767 Reddin
623 3632 795 3749 Volsdorum
807 3692 917 3770 oppido
928 3692 1054 3751 Frenetes
1063 3710 1157 3750 exem.
1169 3696 1233 3752 crit.
1247 3634 1331 3769 nib.

251 3773 279 3827 3.
298 3769 475 3848 temporibus
485 3800 521 3811 -
532 3769 713 3848 imperatoris
725 3776 793 3845 post
805 3770 942 3846 temporis
959 3788 989 3827 ιι.
997 3774 1025 3829 6.
1034 3773 1120 3845 ponit
1133 3769 1359 3829 Frenoheeonr.

252 3850 316 3905 orit.
336 3850 428 3923 p.1b'.
487 3844 516 3903 d.
538 3845 711 3904 declamauit
722 3878 759 3887 -·
771 3848 859 3902 tacuit
877 3845 929 3905 det.
946 3846 1071 3906 muncke
1083 3863 1176 3905 exem
1191 3850 1255 3906 erit.
1275 3848 1359 3924 prs.

252 3923 313 3980 nn.
334 3942 348 3979 e
367 3922 427 3982 cod.
448 3920 653 4000 Kolenbenrpii
674 3921 717 3979 ed.
739 3926 870 3997 Ruperti.
960 3925 1008 3983 14.
1029 3924 1050 3989 Ι,
1071 3926 1119 3982 15.
1207 3924 1244 3980 V.
1265 3942 1280 3981 s
1299 3921 1359 3980 eod.

254 3999 414 4059 Bodleiano
441 4018 505 4057 oen.
535 4001 583 4059 35.
611 3998 759 4059 chartaceo
787 3999 937 4078 descripsit
964 4002 1000 4060 0.
1017 3999 1136 4058 netur.
1170 4007 1267 4059 exstet
1292 4006 1361 4058 terte

252 4074 408 4168 Aobotntrs
427 4080 455 4135 in
475 4075 537 4136 eod.
558 4076 774 4137 Mediolanensi
794 4080 946 4137 112-353
967 4076 1036 4155 (ιιι).
1093 4080 1142 4139 25.
1162 4078 1241 4157 apud
1253 4076 1359 4136 Traia-

252 4172 320 4213 num
338 4172 408 4233 rmp.
427 4170 467 4212 ιιι.
