3025 4859
480 332 592 387 vrrnn
610 329 645 389 o.
663 332 752 389 nnn
772 330 977 391 nmnaurs.
1209 314 1286 395 887

178 523 265 567 mam
288 502 424 593 Aegypti
447 511 569 593 partem
592 504 759 573 tendentis.
781 504 813 571 id
835 506 980 597 supplicii
991 526 1093 597 genus
1107 502 1236 595 placuit,
1252 512 1289 572 ut

178 608 243 677 leui
265 619 362 702 atque
382 612 514 681 ioculari
537 612 653 683 delicto
676 637 733 706 par
761 623 854 682 esset
889 636 1000 682 uemm
1029 616 1111 681 intra
1138 612 1287 681 breuissi-

178 746 266 791 mum
290 731 416 815 tempus
438 746 557 816 angore
580 748 617 793 ac
641 726 743 793 taedio
768 728 869 818 periit.

715 835 749 904 ll.

266 943 370 1013 lunius
398 941 569 1025 quenalis,
596 945 730 1013 libertini
758 947 926 1041 locupletis
954 951 1111 1016 incertum
1137 945 1219 1013 lilius
1246 969 1320 1015 ana
1447 986 1453 999 ·

177 1056 333 1135 alumnus,
358 1078 399 1121 ex
415 1056 549 1147 Aquinio
567 1054 760 1125 Volscorum
779 1058 897 1149 oppido
919 1057 1070 1127 oriundus
1091 1058 1288 1147 temporibus

179 1165 304 1234 Claudii
326 1164 479 1247 Neronis,
508 1167 548 1234 ad
571 1167 708 1235 mediam
732 1168 798 1235 lere
820 1177 957 1237 aetatem
980 1165 1172 1236 declamauit
1192 1168 1287 1234 animi

178 1277 281 1368 magis
308 1298 405 1343 eausa
436 1299 533 1368 quam
565 1278 650 1368 qood
679 1277 809 1346 scholae
837 1302 872 1345 se
901 1288 956 1346 aut
984 1281 1052 1345 loro
1075 1286 1287 1368 praepararet.

178 1385 292 1454 deinde
314 1387 355 1454 ad
378 1387 519 1479 poetices
533 1410 568 1455 se
580 1386 760 1477 applicnuit‚
783 1396 815 1454 et
830 1398 999 1481 postquam
1016 1388 1069 1456 diu
1085 1389 1191 1468 tacuit,
1209 1388 1289 1457 ulre-

177 1498 252 1564 riori
276 1497 424 1565 uitiorum
454 1498 515 1563 iam
547 1497 701 1589 gliscente
731 1500 921 1590 contagione
943 1500 983 1567 ab
1005 1498 1219 1591 indignatione
1240 1507 1328 1567 in·1o

180 1609 279 1699 cepit:
312 1603 455 1698 ‘semper
478 1630 538 1699 ego
562 1608 688 1675 auditor
710 1605 851 1675 tantum?
881 1608 994 1676 dehinc
1016 1631 1192 1699 paucorum
1214 1633 1288 1679 uer-

179 1742 272 1785 suum
295 1726 401 1808 satyra
423 1742 486 1785 non
508 1717 645 1787 absurde
660 1720 691 1785 in
707 1717 854 1785 Paridem
870 1716 1044 1784 Domitiani
1059 1720 1290 1809 pantomimum

181 1838 214 1896 et
236 1828 327 1897 aulae
349 1828 532 1896 histrionem
556 1828 762 1897 semestribus
792 1838 966 1896 tumentem
995 1825 1118 1895 uibrata
1147 1838 1291 1920 poetam·

181 1962 244 2030 quo
267 1938 303 2006 P.
326 1940 463 2005 Statium
495 1942 686 2031 composita,
715 1940 777 2008 hoe
805 1964 906 2033 genus
934 1938 1110 2031 scripturae
1136 1940 1289 2008 industrie

182 2049 331 2129 excoluit,
354 2058 386 2117 et
408 2059 515 2117 tamen
539 2051 591 2117 diu
604 2074 643 2117 ne
660 2052 787 2121 modico
803 2050 930 2141 quidem
946 2050 1102 2116 auditorio
1118 2051 1288 2142 quiequam
1303 2076 1327 2117 rs

182 2162 382 2229 committere
410 2170 459 2227 est
494 2183 607 2239 ausus,
641 2183 715 2227 mox
756 2184 870 2253 magna
902 2160 1078 2251 frequentia
1110 2183 1291 2253 magnoque

181 2294 334 2340 successu
358 2273 404 2338 bis
428 2296 465 2340 oc
488 2280 536 2339 ter
559 2271 684 2338 auditus
707 2280 764 2351 est,
797 2280 834 2337 ut
863 2294 900 2337 ea
923 2292 1052 2360 quoque
1082 2294 1164 2361 quae
1192 2272 1292 2361 prima

182 2382 303 2451 lecerat
323 2384 483 2452 inferciret
506 2385 597 2450 nouis
621 2383 760 2473 scriptis:
790 2376 859 2447 ‘ille
891 2388 922 2446 et
951 2379 1079 2447 militiae
1101 2379 1208 2448 multis
1231 2380 1292 2448 lar·

182 2495 266 2587 gitur
287 2495 449 2563 honorem.
484 2494 570 2585 quod
593 2514 656 2559 non
680 2492 756 2559 dant
777 2514 929 2584 proceres
951 2489 1038 2557 dabit
1059 2488 1187 2559 histrio?
1225 2501 1293 2559 erat

183 2616 251 2673 tum
273 2608 304 2673 in
329 2606 448 2673 deliciis
472 2602 562 2671 aulae
585 2600 703 2681 histrio,
727 2600 881 2691 multique
896 2602 1054 2669 lautorum
1070 2602 1137 2668 eius
1152 2604 1332 2693 quotidiean

184 2714 452 2807 prouehebantur.
484 2714 570 2781 uenit
600 2736 678 2805 ergo
708 2711 866 2779 luuenalis
894 2714 925 2779 in
953 2713 1167 2804 suspicionem
1203 2715 1293 2804 quasi

184 2834 328 2917 tempora
351 2826 528 2920 praesentia
552 2824 651 2915 figura
676 2830 826 2903 notasset,
859 2845 897 2890 ac
924 2824 1031 2889 statim
1054 2846 1110 2914 per
1138 2821 1293 2891 honorem

185 2936 346 3005 militiolae
374 2958 567 3028 quamquam
597 2933 819 3025 octogenarius
851 2932 928 2999 orbe
956 2942 1136 3001 summotos
1164 2935 1295 3001 missus·

184 3069 246 3139 que
269 3048 308 3115 ad
332 3049 562 3136 praefecturam
585 3043 724 3111 cohortis
747 3046 778 3110 in
794 3052 938 3110 extrema
952 3042 1091 3134 Aegypti
1112 3054 1203 3135 porte
1225 3054 1295 3111 ten·

184 3156 294 3225 dentis.
325 3157 355 3225 id
378 3157 521 3249 supplicii
545 3178 646 3249 genus
668 3153 798 3246 placuit,
827 3163 862 3220 ut
884 3153 947 3221 leui
967 3161 1062 3245 atque
1086 3154 1216 3222 ioculari
1238 3155 1333 3222 ‹te-a

186 3266 262 3334 licto
284 3291 342 3359 por
365 3276 458 3335 esset.
480 3289 591 3335 uerum
615 3266 694 3330 intra
714 3262 935 3331 breuissimum
956 3272 1081 3353 tempus
1102 3261 1299 3349 θεόςαῦτίς

186 3377 374 3447 adscribitur
404 3379 548 3447 diuorum
572 3374 686 3454 choro,
719 3375 951 3464 reuertiturque
973 3370 1130 3441 luuenalis
1152 3374 1298 3456 Romam,

189 3489 242 3579 qui
265 3488 392 3555 tandem
416 3488 453 3553 ad
477 3484 606 3553 Neruae
636 3495 668 3553 ct
694 3484 822 3551 Traiani
851 3484 1062 3576 principatum
1090 3488 1300 3577 superuiuens

188 3600 276 3665 senio
306 3607 337 3665 et
360 3598 463 3665 taedio
491 3598 575 3664 uitae
606 3598 771 3665 conlectus
799 3604 1023 3685 properantem
1052 3596 1195 3688 spiritum
1224 3620 1298 3666 cum

189 3709 268 3777 tussi
291 3712 424 3802 exspuit.
1312 3711 1340 3751 ³¹¹

193 4020 228 4077 ll.
250 4039 264 4077 e
284 4018 346 4079 oud.
368 4024 409 4078 la.
435 4022 531 4077 Vocati
551 4022 593 4080 ed.
616 4023 791 4081 Henninios.
849 4023 877 4077 7.
900 4020 974 4075 ealni
989 4022 1121 4095 Ruperti.
1179 4025 1207 4077 a.
1228 4036 1301 4095 poe·

191 4100 269 4157 rioen
289 4100 423 4173 Ruperti.
504 4106 549 4159 11.
572 4100 591 4168 l,
613 4106 640 4158 1.
720 4102 766 4157 18.
788 4096 850 4165 Vll,
871 4100 918 4156 88.
939 4100 986 4153 eo.

1036 4192 1104 4260 25.
