3025 4859
582 407 780 463 ssrvmn.
1184 394 1233 467 17

208 575 289 644 Esse
312 574 436 668 aliquos
458 598 567 643 manes
590 586 623 644 et
644 576 850 645 subterranea
872 598 986 668 regna,

125 686 285 778 Cocytum
309 696 341 753 et
363 686 476 779 Stygio
499 711 592 755 ranas
615 690 646 755 in
668 691 794 781 gurgite
816 690 939 781 nigras,
1171 698 1233 755 150

124 799 226 891 adque
247 822 311 867 una
335 800 466 865 transire
487 802 606 867 uadum
628 808 675 865 tot
696 800 782 866 milia
804 798 933 879 cumba,

123 934 182 978 nec
203 912 296 1003 pueri
319 909 466 989 credtmt,
488 910 548 977 nisi
571 912 625 1004 qui
647 911 790 978 nondum
812 934 886 978 aere
907 909 1062 990 lauantur,

123 1023 177 1089 sed
201 1032 236 1089 tu
258 1046 336 1089 uera
358 1030 443 1112 puta.
490 1019 605 1088 Curius
630 1022 705 1113 quid
728 1025 823 1091 sentit
845 1032 877 1089 et
899 1020 993 1087 ambo

123 1132 306 1225 Scipiadae,
330 1133 404 1225 quid
427 1131 589 1199 Fabricius
611 1154 785 1224 manesque
808 1130 949 1213 Camilli,

123 1244 198 1334 quid
221 1242 396 1311 Cremerae
419 1242 503 1335 legio
528 1252 560 1309 et
583 1242 701 1313 Cannis
724 1254 913 1336 consumpta
934 1245 1092 1322 iuuentus,
1169 1256 1230 1312 155

124 1362 170 1420 tot
191 1352 351 1421 bellorum
375 1356 509 1434 animae,
532 1355 678 1444 quotiens
701 1353 774 1421 hinc
797 1354 868 1421 talis
890 1353 931 1420 ad
952 1352 1024 1421 illos

122 1464 237 1532 umbra
259 1461 370 1532 uenit?
397 1472 550 1555 cuperent
571 1462 706 1546 lustrari,
729 1468 755 1531 si
777 1489 840 1556 qua
862 1466 1012 1533 darentur

123 1575 254 1668 sulpura
277 1598 351 1643 cum
373 1575 473 1643 taedis
497 1584 529 1641 et
551 1578 577 1641 si
599 1576 682 1641 soret
702 1574 809 1641 umida
830 1574 940 1641 laurus

121 1686 194 1754 illic.
230 1685 303 1767 heu,
326 1686 433 1753 miseri
456 1684 664 1754 traducimur!
690 1708 778 1751 arma
800 1686 928 1776 quidem
951 1686 1033 1755 ultra

123 1798 215 1865 litora
237 1794 390 1866 lubemae
412 1798 632 1889 promouimus
655 1805 687 1863 et
708 1797 805 1863 modo
829 1806 938 1888 captas
1171 1816 1232 1871 160

123 1908 268 1977 Orcadas
291 1931 328 1975 ac
351 1909 480 1975 minima
503 1915 669 1975 contentos
691 1914 787 1975 nocte
807 1905 993 1991 Britannos,

125 2020 183 2088 sed
204 2042 288 2112 quae
309 2042 393 2086 nunc
416 2018 526 2111 populi
547 2018 625 2085 fiunt
647 2020 776 2086 uictoris
798 2020 830 2085 in
852 2020 940 2103 urbe,

123 2154 190 2199 non
212 2131 332 2197 faciunt
353 2129 406 2211 illi,
430 2152 510 2221 quos
534 2130 675 2196 uicimus.
706 2138 738 2195 et
760 2139 868 2196 tamen
889 2154 971 2198 unus

124 2242 295 2309 Armenius
318 2238 452 2307 Zalaces
477 2242 598 2307 cunctis
621 2249 765 2307 narratur
786 2240 917 2334 ephebis

123 2351 250 2420 mollior
273 2351 394 2417 ardenti
416 2372 487 2417 sese
509 2350 678 2419 indulsisse
699 2350 836 2420 tribuno.
1168 2374 1229 2433 155

123 2464 231 2555 aspice
254 2462 329 2552 quid
351 2461 468 2528 saciant
490 2463 699 2529 commercia:
722 2471 855 2530 uenerat
876 2460 980 2534 obses.

123 2572 174 2640 hic
196 2572 275 2640 liunt
294 2569 457 2653 homines,
480 2594 554 2639 narn
577 2574 602 2639 si
625 2595 714 2640 mora
736 2571 862 2665 longior
882 2573 994 2641 urbem

121 2682 268 2765 indulsit,
289 2684 394 2775 pueris
416 2704 481 2751 non
502 2705 655 2775 umquam
677 2684 778 2751 deerit
798 2693 932 2767 amator,

123 2868 189 2928 149.
211 2870 333 2926 Seruius
344 2864 382 2924 ud
399 2869 480 2941 Verp.
492 2868 566 2924 Aen.
582 2870 632 2939 VI,
645 2868 709 2925 140.
747 2868 918 2947 Liutpruud
931 2879 1033 2949 autup.
1049 2875 1084 2947 V,
1095 2877 1129 2932 8.·
1144 2866 1231 2934 ‘Esse

117 2946 238 3021 aliquos
258 2964 358 3003 manes
379 2953 409 3000 et
428 2948 617 3002 subterranea
638 2962 739 3021 regna,
760 2950 790 3002 in
807 2946 1047 3023 qrrtbrtcperiurtu
1066 2949 1230 3026 perticatas,

126 3023 258 3080 Cocitum
281 3025 369 3080 etima
390 3030 419 3079 et
439 3020 540 3097 Stygio
561 3040 644 3079 ranas
665 3024 694 3079 in
714 3026 826 3100 gurgite
847 3026 953 3100 nigras,
975 3030 1025 3104 qud
1043 3030 1229 3104 usquemodo

124 3104 279 3158 nouantustt
292 3118 323 3157 re
334 3102 398 3175 tpsu
411 3117 498 3175 quum
511 3116 579 3157 moa
595 3092 741 3176 experire.²
827 3101 938 3178 aliquid
959 3103 1021 3162 cod.
1036 3108 1230 3165 Vinturteustc.

127 3180 284 3235 Burmann.
298 3174 336 3234 od
346 3175 425 3233 untlu
438 3179 510 3233 Lot.
522 3181 558 3235 ΙΙ
567 3195 595 3253 p.
603 3180 650 3234 41.
671 3182 760 3254 Prop.
771 3183 790 3237 Ι
795 3182 826 3246 V,
837 3183 865 3247 7,
877 3185 904 3237 1.
1003 3186 1067 3240 150.
1090 3182 1230 3258 Cocytum

125 3253 295 3331 Ltutpruud
308 3254 326 3311 t.
337 3252 373 3310 l..·
392 3264 501 3310 mstum
521 3256 556 3321 P,
576 3262 605 3311 et
626 3265 739 3311 contum
760 3252 844 3332 ρωΣ,
865 3267 894 3314 et
913 3268 1033 3335 pontum
1045 3261 1068 3316 S
1079 3259 1229 3331 Pithoeus,

125 3332 334 3409 porthmeaque
355 3334 393 3387 N.
405 3333 543 3389 Heinsius
556 3328 594 3387 od
608 3333 688 3405 Vorp.
700 3333 771 3389 Aen.
787 3336 837 3399 Vr,
849 3336 915 3391 302.
939 3338 1084 3393 Burmann
1096 3335 1134 3393 od
1147 3338 1231 3398 untlt.

126 3412 193 3467 Lot.
205 3413 242 3467 11
249 3413 332 3485 pst,
353 3419 382 3465 et
402 3418 514 3465 cantum
536 3407 634 3465 Sterlre
645 3416 714 3466 nott.
727 3428 785 3468 soc.
797 3409 898 3469 Rheno
913 3414 994 3468 Prot.
1006 3417 1024 3471 1
1032 3407 1197 3492 p.172sqq.

126 3491 190 3561 151.
212 3488 315 3543 cumba
329 3487 387 3560 1³9:
408 3486 500 3542 cimba
516 3504 546 3561 p.
656 3490 721 3545 152.
743 3486 904 3558 Eutychiae
922 3487 956 3544 de
972 3487 1041 3548 disc.
1054 3495 1127 3548 corti.
1138 3496 1181 3563 ΙΙ,
1193 3496 1231 3550 16

124 3582 151 3639 p.
159 3566 246 3623 2186.
312 3566 366 3621 156
374 3581 435 3638 sqq.
449 3564 581 3639 quotiens
593 3592 631 3603 —-
642 3562 738 3621 laurus
750 3566 873 3621 Seruius
883 3564 1088 3641 adstruitur.
1098 3571 1148 3640 Vl,
1155 3573 1223 3630 741.

125 3644 189 3699 157.
203 3644 270 3699 158.
291 3642 411 3697 Seruius
423 3639 459 3697 od
473 3642 554 3714 Verp.
568 3640 639 3697 Aen.
653 3642 703 3709 VI,
714 3646 781 3700 229.
875 3646 941 3701 158.
962 3644 1081 3722 sulpura
1100 3648 1128 3703 P
1144 3686 1154 3704 .

125 3718 221 3775 umida
241 3720 282 3775 P:
309 3716 424 3773 humida
445 3736 474 3791 p.
584 3721 650 3776 159.
671 3718 729 3775 illic
750 3717 870 3794 ulredpge
885 3712 966 3789 ‘iltic,
986 3723 1018 3777 tu
1039 3721 1106 3779 attis
1125 3665 1231 3800 lepitur

124 3789 203 3853 illuc'
229 3792 332 3863 Vallo,
353 3794 413 3851 itte
433 3796 468 3863 P,
489 3791 556 3849 illuc
575 3812 629 3870 pto.
735 3796 805 3871 quid
825 3812 844 3863 ς
866 3796 962 3865 Vultu,
982 3798 1150 3858 dohatutre.

124 3878 189 3932 160.
210 3873 352 3930 lubernae
373 3873 429 3937 8ςε
455 3900 528 3928 ..ιω
548 3874 583 3945 P,
602 3872 743 3929 quernae
763 3892 819 3947 pto.
917 3878 983 3932 161.
1008 3886 1037 3933 et
1057 3880 1173 3935 minima
1192 3910 1230 3925 -·

123 3950 276 4007 Britannos
296 3950 419 4005 Seruius
431 3949 468 4005 od
483 3952 563 4024 Verp.
575 3950 646 4006 Acri.
657 3952 708 4021 VI,
718 3954 786 4008 265.
865 3971 900 4008 ac
919 3956 986 4009 Par.-
1006 3962 1034 4010 et
1052 3956 1214 4020 §Sumtus

125 4037 285 4085 contemtos
300 4028 336 4083 P.
417 4030 482 4083 162.
504 4027 528 4082 si
548 4026 717 4084 Aolrointre.
796 4027 863 4085 164.
883 4028 1005 4087 Zalaces
1022 4033 1090 4087 Pto:
1109 4032 1231 4091 Zelaces

125 4104 303 4163 uutZelates
323 4108 377 4160 out
389 4101 506 4161 Zalates
527 4120 555 4171 ς.
626 4104 765 4181 eptroebis
785 4108 821 4162 P.
895 4110 961 4163 166.
982 4110 1147 4165 commertia
1158 4112 1211 4184 1³9.

124 4180 226 4260 hospes
247 4198 274 4249 ς.
356 4182 423 4239 167.
444 4180 486 4237 sic
505 4179 718 4257 cod.lt.1uuit,
743 4183 773 4240 G.
788 4180 931 4241 Valerius.
1010 4187 1076 4242 168.
1097 4204 1231 4243 nonnun-

124 4276 203 4337 quam
223 4262 277 4329 Ρς.
