<?xml version="1.0" encoding="UTF-8"?>
<!DOCTYPE html PUBLIC "-//W3C//DTD XHTML 1.0 Transitional//EN"
    "http://www.w3.org/TR/xhtml1/DTD/xhtml1-transitional.dtd">
<html xmlns="http://www.w3.org/1999/xhtml" xml:lang="en" lang="en">
 <head>
  <title>
</title>
<meta http-equiv="Content-Type" content="text/html;charset=utf-8" />
  <meta name='ocr-system' content='tesseract 3.04.00' />
  <meta name='ocr-capabilities' content='ocr_page ocr_carea ocr_par ocr_line ocrx_word'/>
</head>
<body>
  <div class='ocr_page' id='page_1' title='image "./diuniiiuvenalis00jahngoog_0421.png"; bbox 0 0 3025 4859; ppageno 0'>
   <div class='ocr_carea' id='block_1_1' title="bbox 593 357 1256 436">
    <p class='ocr_par' dir='ltr' id='par_1_1' title="bbox 593 357 1256 436">
     <span class='ocr_line' id='line_1_1' title="bbox 593 357 1256 436; baseline 0.014 -9"><span class='ocrx_word' id='word_1_1' title='bbox 593 371 740 428; x_wconf 76' lang='lat' dir='ltr'>saram</span> <span class='ocrx_word' id='word_1_2' title='bbox 756 372 817 431; x_wconf 83' lang='lat'>1111.</span> <span class='ocrx_word' id='word_1_3' title='bbox 1179 357 1256 436; x_wconf 77' lang='lat'>22⁷</span> 
     </span>
    </p>
   </div>
   <div class='ocr_carea' id='block_1_2' title="bbox 140 538 1291 1954">
    <p class='ocr_par' dir='ltr' id='par_1_2' title="bbox 143 538 1256 854">
     <span class='ocr_line' id='line_1_2' title="bbox 231 538 1255 613; baseline 0.002 -4"><span class='ocrx_word' id='word_1_4' title='bbox 231 538 303 609; x_wconf 76' lang='lat'>120.</span> <span class='ocrx_word' id='word_1_5' title='bbox 325 560 472 607; x_wconf 73' lang='lat' dir='ltr'>racanas.</span> <span class='ocrx_word' id='word_1_6' title='bbox 500 546 608 609; x_wconf 82' lang='lat' dir='ltr'>tantae</span> <span class='ocrx_word' id='word_1_7' title='bbox 629 543 817 613; x_wconf 85' lang='lat' dir='ltr'>adulationis</span> <span class='ocrx_word' id='word_1_8' title='bbox 840 552 909 612; x_wconf 87' lang='lat' dir='ltr'>erat</span> <span class='ocrx_word' id='word_1_9' title='bbox 930 544 988 611; x_wconf 88' lang='lat' dir='ltr'>iste</span> <span class='ocrx_word' id='word_1_10' title='bbox 1011 540 1159 611; x_wconf 80' lang='lat' dir='ltr'>Catullus</span> <span class='ocrx_word' id='word_1_11' title='bbox 1181 566 1255 611; x_wconf 86' lang='lat' dir='ltr'>cae-</span> 
     </span>
     <span class='ocr_line' id='line_1_3' title="bbox 144 649 1256 741; baseline 0.001 -19"><span class='ocrx_word' id='word_1_12' title='bbox 144 674 214 732; x_wconf 83' lang='lat' dir='ltr'>cos,</span> <span class='ocrx_word' id='word_1_13' title='bbox 242 658 280 717; x_wconf 92' lang='lat' dir='ltr'>ut</span> <span class='ocrx_word' id='word_1_14' title='bbox 299 672 374 717; x_wconf 86' lang='lat' dir='ltr'>eum</span> <span class='ocrx_word' id='word_1_15' title='bbox 396 649 425 716; x_wconf 89' lang='lat' dir='ltr'>ei</span> <span class='ocrx_word' id='word_1_16' title='bbox 446 650 541 741; x_wconf 88' lang='lat' dir='ltr'>piscis</span> <span class='ocrx_word' id='word_1_17' title='bbox 563 652 604 720; x_wconf 90' lang='lat' dir='ltr'>ad</span> <span class='ocrx_word' id='word_1_18' title='bbox 626 654 772 722; x_wconf 81' lang='lat' dir='ltr'>dextram</span> <span class='ocrx_word' id='word_1_19' title='bbox 798 655 927 737; x_wconf 90' lang='lat' dir='ltr'>iaceret,</span> <span class='ocrx_word' id='word_1_20' title='bbox 953 655 994 722; x_wconf 89' lang='lat' dir='ltr'>ad</span> <span class='ocrx_word' id='word_1_21' title='bbox 1021 656 1177 722; x_wconf 76' lang='lat' dir='ltr'><strong>sinistram</strong></span> <span class='ocrx_word' id='word_1_22' title='bbox 1204 676 1256 723; x_wconf 83' lang='lat' dir='ltr'>re-</span> 
     </span>
     <span class='ocr_line' id='line_1_4' title="bbox 143 758 698 854; baseline 0.002 -24"><span class='ocrx_word' id='word_1_23' title='bbox 143 762 282 854; x_wconf 79' lang='lat' dir='ltr'>spiciens</span> <span class='ocrx_word' id='word_1_24' title='bbox 303 758 447 828; x_wconf 85' lang='lat' dir='ltr'>laudaret</span> <span class='ocrx_word' id='word_1_25' title='bbox 469 770 502 827; x_wconf 91' lang='lat' dir='ltr'>et</span> <span class='ocrx_word' id='word_1_26' title='bbox 522 764 698 831; x_wconf 86' lang='lat' dir='ltr'>miraretur.</span> 
     </span>
    </p>

    <p class='ocr_par' dir='ltr' id='par_1_3' title="bbox 231 872 1255 966">
     <span class='ocr_line' id='line_1_5' title="bbox 231 872 1255 966; baseline 0.005 -29"><span class='ocrx_word' id='word_1_27' title='bbox 231 872 302 937; x_wconf 88' lang='grc'><strong>121.</strong></span> <span class='ocrx_word' id='word_1_28' title='bbox 323 892 503 938; x_wconf 80' lang='lat' dir='ltr'>nnvnronr.</span> <span class='ocrx_word' id='word_1_29' title='bbox 532 873 578 939; x_wconf 86' lang='lat' dir='ltr'>sic</span> <span class='ocrx_word' id='word_1_30' title='bbox 600 876 714 955; x_wconf 87' lang='lat' dir='ltr'>omnia,</span> <span class='ocrx_word' id='word_1_31' title='bbox 737 898 820 966; x_wconf 90' lang='lat' dir='ltr'>quae</span> <span class='ocrx_word' id='word_1_32' title='bbox 842 898 905 945; x_wconf 89' lang='lat' dir='ltr'>non</span> <span class='ocrx_word' id='word_1_33' title='bbox 928 874 1065 954; x_wconf 89' lang='lat' dir='ltr'>uidebat,</span> <span class='ocrx_word' id='word_1_34' title='bbox 1088 874 1255 943; x_wconf 80' lang='lat' dir='ltr'>referebat.</span> 
     </span>
    </p>

    <p class='ocr_par' dir='ltr' id='par_1_4' title="bbox 144 982 1279 1188">
     <span class='ocr_line' id='line_1_6' title="bbox 232 982 1279 1074; baseline 0.004 -27"><span class='ocrx_word' id='word_1_35' title='bbox 232 982 303 1048; x_wconf 68' lang='lat' dir='ltr'>m</span> <span class='ocrx_word' id='word_1_36' title='bbox 326 1006 368 1049; x_wconf 79' lang='lat' dir='ltr'>ur</span> <span class='ocrx_word' id='word_1_37' title='bbox 389 1006 497 1051; x_wconf 77' lang='lat' dir='ltr'>nocua</span> <span class='ocrx_word' id='word_1_38' title='bbox 521 984 577 1072; x_wconf 81' lang='lat' dir='ltr'>[au</span> <span class='ocrx_word' id='word_1_39' title='bbox 599 986 761 1074; x_wconf 65' lang='lat' dir='ltr'>annania}</span> <span class='ocrx_word' id='word_1_40' title='bbox 799 986 839 1054; x_wconf 94' lang='lat' dir='ltr'>ad</span> <span class='ocrx_word' id='word_1_41' title='bbox 867 985 929 1053; x_wconf 89' lang='lat' dir='ltr'>alta</span> <span class='ocrx_word' id='word_1_42' title='bbox 952 984 1064 1052; x_wconf 88' lang='lat' dir='ltr'>theatri</span> <span class='ocrx_word' id='word_1_43' title='bbox 1085 983 1279 1053; x_wconf 79' lang='lat' dir='ltr'>uelaminas</span> 
     </span>
     <span class='ocr_line' id='line_1_7' title="bbox 144 1091 1141 1188; baseline -0.001 -27"><span class='ocrx_word' id='word_1_44' title='bbox 144 1116 279 1161; x_wconf 79' lang='lat' dir='ltr'>narras.</span> <span class='ocrx_word' id='word_1_45' title='bbox 303 1100 414 1183; x_wconf 84' lang='lat' dir='ltr'>pergat</span> <span class='ocrx_word' id='word_1_46' title='bbox 435 1093 475 1160; x_wconf 94' lang='lat' dir='ltr'>ad</span> <span class='ocrx_word' id='word_1_47' title='bbox 498 1091 643 1174; x_wconf 85' lang='lat' dir='ltr'><strong>Romam,</strong></span> <span class='ocrx_word' id='word_1_48' title='bbox 666 1104 721 1162; x_wconf 88' lang='lat' dir='ltr'>aut</span> <span class='ocrx_word' id='word_1_49' title='bbox 743 1096 783 1163; x_wconf 88' lang='lat' dir='ltr'>de</span> <span class='ocrx_word' id='word_1_50' title='bbox 806 1105 955 1188; x_wconf 81' lang='lat' dir='ltr'><strong>pegmate</strong></span> <span class='ocrx_word' id='word_1_51' title='bbox 978 1118 1141 1163; x_wconf 82' lang='lat' dir='ltr'>excussos.</span> 
     </span>
    </p>

    <p class='ocr_par' dir='ltr' id='par_1_5' title="bbox 142 1202 1254 1405">
     <span class='ocr_line' id='line_1_8' title="bbox 231 1202 1254 1287; baseline 0.004 -18"><span class='ocrx_word' id='word_1_52' title='bbox 231 1202 301 1269; x_wconf 93' lang='grc'><strong>123.</strong></span> <span class='ocrx_word' id='word_1_53' title='bbox 329 1225 392 1269; x_wconf 85' lang='lat' dir='ltr'>nou</span> <span class='ocrx_word' id='word_1_54' title='bbox 416 1226 524 1270; x_wconf 80' lang='lat' dir='ltr'>crura.</span> <span class='ocrx_word' id='word_1_55' title='bbox 551 1203 783 1273; x_wconf 73' lang='lat' dir='ltr'>laudationibus</span> <span class='ocrx_word' id='word_1_56' title='bbox 799 1207 916 1275; x_wconf 80' lang='lat' dir='ltr'>Catulli</span> <span class='ocrx_word' id='word_1_57' title='bbox 931 1230 995 1275; x_wconf 93' lang='lat' dir='ltr'>non</span> <span class='ocrx_word' id='word_1_58' title='bbox 1009 1206 1093 1275; x_wconf 86' lang='lat' dir='ltr'>cedit</span> <span class='ocrx_word' id='word_1_59' title='bbox 1107 1203 1254 1287; x_wconf 88' lang='lat' dir='ltr'>Veiento,</span> 
     </span>
     <span class='ocr_line' id='line_1_9' title="bbox 142 1310 725 1405; baseline 0 -26"><span class='ocrx_word' id='word_1_60' title='bbox 142 1310 203 1379; x_wconf 81' lang='lat' dir='ltr'>sed</span> <span class='ocrx_word' id='word_1_61' title='bbox 224 1320 386 1405; x_wconf 84' lang='lat' dir='ltr'>tamquam</span> <span class='ocrx_word' id='word_1_62' title='bbox 408 1311 588 1380; x_wconf 85' lang='lat' dir='ltr'>stimulatus</span> <span class='ocrx_word' id='word_1_63' title='bbox 609 1315 725 1381; x_wconf 88' lang='lat' dir='ltr'>lurore.</span> 
     </span>
    </p>

    <p class='ocr_par' dir='ltr' id='par_1_6' title="bbox 140 1423 1291 1711">
     <span class='ocr_line' id='line_1_10' title="bbox 231 1423 1249 1519; baseline 0.005 -32"><span class='ocrx_word' id='word_1_64' title='bbox 231 1424 302 1489; x_wconf 88' lang='grc'><strong>126.</strong></span> <span class='ocrx_word' id='word_1_65' title='bbox 335 1448 378 1490; x_wconf 84' lang='lat' dir='ltr'>ne</span> <span class='ocrx_word' id='word_1_66' title='bbox 400 1446 540 1491; x_wconf 73' lang='lat' dir='ltr'>annona.</span> <span class='ocrx_word' id='word_1_67' title='bbox 575 1423 615 1490; x_wconf 86' lang='lat' dir='ltr'>de</span> <span class='ocrx_word' id='word_1_68' title='bbox 641 1425 703 1491; x_wconf 93' lang='lat' dir='ltr'>isto</span> <span class='ocrx_word' id='word_1_69' title='bbox 731 1425 878 1493; x_wconf 91' lang='lat' dir='ltr'>uehiculo</span> <span class='ocrx_word' id='word_1_70' title='bbox 907 1427 948 1495; x_wconf 90' lang='lat' dir='ltr'>ad</span> <span class='ocrx_word' id='word_1_71' title='bbox 978 1426 1078 1519; x_wconf 89' lang='lat' dir='ltr'>pedes</span> <span class='ocrx_word' id='word_1_72' title='bbox 1104 1426 1249 1518; x_wconf 85' lang='lat' dir='ltr'>supplex.</span> 
     </span>
     <span class='ocr_line' id='line_1_11' title="bbox 140 1532 1291 1626; baseline 0.002 -27"><span class='ocrx_word' id='word_1_73' title='bbox 140 1552 186 1600; x_wconf 81' lang='lat' dir='ltr'>ns</span> <span class='ocrx_word' id='word_1_74' title='bbox 209 1554 342 1601; x_wconf 79' lang='lat' dir='ltr'>rruons.</span> <span class='ocrx_word' id='word_1_75' title='bbox 364 1533 527 1625; x_wconf 76' lang='lat' dir='ltr'>regimine.</span> <span class='ocrx_word' id='word_1_76' title='bbox 549 1533 590 1601; x_wconf 92' lang='lat' dir='ltr'>de</span> <span class='ocrx_word' id='word_1_77' title='bbox 611 1556 720 1626; x_wconf 84' lang='lat' dir='ltr'>regno.</span> <span class='ocrx_word' id='word_1_78' title='bbox 828 1532 1009 1605; x_wconf 69' lang='lat' dir='ltr'>Barbanna.</span> <span class='ocrx_word' id='word_1_79' title='bbox 1032 1536 1155 1605; x_wconf 80' lang='lat' dir='ltr'>falcatis</span> <span class='ocrx_word' id='word_1_80' title='bbox 1176 1560 1250 1604; x_wconf 89' lang='lat' dir='ltr'>nam</span> <span class='ocrx_word' id='word_1_81' title='bbox 1266 1560 1291 1601; x_wconf 88' lang='lat' dir='ltr'>ro</span> 
     </span>
     <span class='ocr_line' id='line_1_12' title="bbox 141 1642 751 1711; baseline -0.002 0"><span class='ocrx_word' id='word_1_82' title='bbox 141 1642 288 1711; x_wconf 81' lang='lat' dir='ltr'>curribus</span> <span class='ocrx_word' id='word_1_83' title='bbox 309 1644 532 1711; x_wconf 87' lang='lat' dir='ltr'>Britannomm</span> <span class='ocrx_word' id='word_1_84' title='bbox 555 1666 614 1711; x_wconf 86' lang='lat' dir='ltr'>rex</span> <span class='ocrx_word' id='word_1_85' title='bbox 635 1643 751 1711; x_wconf 81' lang='lat' dir='ltr'>Arbila.</span> 
     </span>
    </p>

    <p class='ocr_par' dir='ltr' id='par_1_7' title="bbox 230 1753 1251 1851">
     <span class='ocr_line' id='line_1_13' title="bbox 230 1753 1251 1851; baseline 0.003 -30"><span class='ocrx_word' id='word_1_86' title='bbox 230 1756 301 1821; x_wconf 82' lang='grc'><strong>129.</strong></span> <span class='ocrx_word' id='word_1_87' title='bbox 322 1754 477 1822; x_wconf 76' lang='lat' dir='ltr'>Frontem</span> <span class='ocrx_word' id='word_1_88' title='bbox 498 1777 652 1821; x_wconf 76' lang='lat' dir='ltr'>narniam.</span> <span class='ocrx_word' id='word_1_89' title='bbox 675 1753 813 1823; x_wconf 83' lang='lat' dir='ltr'>Veiento</span> <span class='ocrx_word' id='word_1_90' title='bbox 835 1780 909 1825; x_wconf 88' lang='lat' dir='ltr'>nam</span> <span class='ocrx_word' id='word_1_91' title='bbox 930 1759 999 1851; x_wconf 87' lang='lat' dir='ltr'>ipse</span> <span class='ocrx_word' id='word_1_92' title='bbox 1015 1766 1064 1827; x_wconf 87' lang='lat' dir='ltr'>est</span> <span class='ocrx_word' id='word_1_93' title='bbox 1078 1755 1251 1826; x_wconf 83' lang='lat' dir='ltr'>Fabricius.</span> 
     </span>
    </p>

    <p class='ocr_par' dir='ltr' id='par_1_8' title="bbox 232 1862 861 1954">
     <span class='ocr_line' id='line_1_14' title="bbox 232 1862 861 1954; baseline -0.003 -21"><span class='ocrx_word' id='word_1_94' title='bbox 232 1866 303 1933; x_wconf 82' lang='lat'>130.</span> <span class='ocrx_word' id='word_1_95' title='bbox 327 1866 484 1954; x_wconf 75' lang='lat' dir='ltr'>[urrunnu</span> <span class='ocrx_word' id='word_1_96' title='bbox 504 1865 641 1952; x_wconf 64' lang='lat' dir='ltr'>raanan}</span> <span class='ocrx_word' id='word_1_97' title='bbox 664 1862 753 1931; x_wconf 91' lang='lat' dir='ltr'>Nero</span> <span class='ocrx_word' id='word_1_98' title='bbox 777 1865 861 1932; x_wconf 88' lang='lat' dir='ltr'>dicit.</span> 
     </span>
    </p>
   </div>
   <div class='ocr_carea' id='block_1_3' title="bbox 137 1976 1288 2406">
    <p class='ocr_par' dir='ltr' id='par_1_9' title="bbox 140 1976 1288 2183">
     <span class='ocr_line' id='line_1_15' title="bbox 230 1976 1252 2071; baseline 0.001 -25"><span class='ocrx_word' id='word_1_99' title='bbox 230 1978 301 2046; x_wconf 89' lang='grc'><strong>131.</strong></span> <span class='ocrx_word' id='word_1_100' title='bbox 330 1998 434 2043; x_wconf 79' lang='lat' dir='ltr'>ruam</span> <span class='ocrx_word' id='word_1_101' title='bbox 456 1996 540 2042; x_wconf 76' lang='lat' dir='ltr'>nura</span> <span class='ocrx_word' id='word_1_102' title='bbox 561 1999 723 2044; x_wconf 77' lang='lat' dir='ltr'>rinervn.</span> <span class='ocrx_word' id='word_1_103' title='bbox 756 1976 883 2070; x_wconf 90' lang='lat' dir='ltr'>patella,</span> <span class='ocrx_word' id='word_1_104' title='bbox 910 1978 942 2047; x_wconf 93' lang='lat' dir='ltr'>in</span> <span class='ocrx_word' id='word_1_105' title='bbox 965 2002 1026 2071; x_wconf 86' lang='lat' dir='ltr'>qua</span> <span class='ocrx_word' id='word_1_106' title='bbox 1050 1979 1151 2071; x_wconf 88' lang='lat' dir='ltr'>possit</span> <span class='ocrx_word' id='word_1_107' title='bbox 1170 1979 1252 2047; x_wconf 88' lang='lat' dir='ltr'>inte-</span> 
     </span>
     <span class='ocr_line' id='line_1_16' title="bbox 140 2088 1288 2183; baseline -0.003 -26"><span class='ocrx_word' id='word_1_108' title='bbox 140 2111 200 2183; x_wconf 83' lang='lat' dir='ltr'>ger</span> <span class='ocrx_word' id='word_1_109' title='bbox 223 2088 326 2179; x_wconf 81' lang='lat' dir='ltr'>coqui.</span> <span class='ocrx_word' id='word_1_110' title='bbox 1263 2112 1288 2155; x_wconf 81' lang='lat' dir='ltr'>ra</span> 
     </span>
    </p>

    <p class='ocr_par' dir='ltr' id='par_1_10' title="bbox 137 2197 1252 2406">
     <span class='ocr_line' id='line_1_17' title="bbox 230 2197 1252 2294; baseline 0.005 -29"><span class='ocrx_word' id='word_1_111' title='bbox 230 2197 301 2266; x_wconf 90' lang='grc'><strong>133.</strong></span> <span class='ocrx_word' id='word_1_112' title='bbox 322 2220 476 2265; x_wconf 74' lang='lat' dir='ltr'>menerva</span> <span class='ocrx_word' id='word_1_113' title='bbox 496 2219 633 2264; x_wconf 82' lang='lat' dir='ltr'>unonvs.</span> <span class='ocrx_word' id='word_1_114' title='bbox 655 2197 789 2290; x_wconf 85' lang='lat' dir='ltr'>liguram</span> <span class='ocrx_word' id='word_1_115' title='bbox 811 2198 862 2267; x_wconf 88' lang='lat' dir='ltr'>hic</span> <span class='ocrx_word' id='word_1_116' title='bbox 883 2202 996 2269; x_wconf 88' lang='lat' dir='ltr'>dicitur</span> <span class='ocrx_word' id='word_1_117' title='bbox 1016 2202 1162 2293; x_wconf 87' lang='lat' dir='ltr'>posuisse</span> <span class='ocrx_word' id='word_1_118' title='bbox 1177 2223 1252 2294; x_wconf 89' lang='lat' dir='ltr'>pro·</span> 
     </span>
     <span class='ocr_line' id='line_1_18' title="bbox 137 2304 1251 2406; baseline 0.004 -31"><span class='ocrx_word' id='word_1_119' title='bbox 137 2317 212 2404; x_wconf 90' lang='lat' dir='ltr'>pter</span> <span class='ocrx_word' id='word_1_120' title='bbox 239 2307 391 2400; x_wconf 82' lang='lat' dir='ltr'>Magnum</span> <span class='ocrx_word' id='word_1_121' title='bbox 418 2308 624 2398; x_wconf 90' lang='lat' dir='ltr'>Pompeium,</span> <span class='ocrx_word' id='word_1_122' title='bbox 658 2310 808 2397; x_wconf 90' lang='lat' dir='ltr'>quoniam</span> <span class='ocrx_word' id='word_1_123' title='bbox 836 2304 947 2377; x_wconf 90' lang='lat' dir='ltr'>Patina</span> <span class='ocrx_word' id='word_1_124' title='bbox 975 2311 1077 2379; x_wconf 88' lang='lat' dir='ltr'>dictus</span> <span class='ocrx_word' id='word_1_125' title='bbox 1105 2323 1168 2395; x_wconf 90' lang='lat' dir='ltr'>est,</span> <span class='ocrx_word' id='word_1_126' title='bbox 1197 2314 1251 2406; x_wconf 91' lang='lat' dir='ltr'>qui</span> 
     </span>
    </p>
   </div>
   <div class='ocr_carea' id='block_1_4' title="bbox 138 2415 1290 2841">
    <p class='ocr_par' dir='ltr' id='par_1_11' title="bbox 138 2415 1290 2841">
     <span class='ocr_line' id='line_1_19' title="bbox 138 2415 1138 2515; baseline 0 -26"><span class='ocrx_word' id='word_1_127' title='bbox 138 2418 267 2489; x_wconf 83' lang='lat' dir='ltr'>sustulit</span> <span class='ocrx_word' id='word_1_128' title='bbox 288 2428 385 2511; x_wconf 89' lang='lat' dir='ltr'>caput</span> <span class='ocrx_word' id='word_1_129' title='bbox 405 2418 513 2509; x_wconf 86' lang='lat' dir='ltr'>ipsius.</span> <span class='ocrx_word' id='word_1_130' title='bbox 598 2415 831 2486; x_wconf 81' lang='lat' dir='ltr'>Pnoneruuvs.</span> <span class='ocrx_word' id='word_1_131' title='bbox 855 2422 991 2488; x_wconf 86' lang='lat' dir='ltr'>saturice</span> <span class='ocrx_word' id='word_1_132' title='bbox 1012 2420 1138 2515; x_wconf 83' lang='lat' dir='ltr'>figulus.</span> 
     </span>
     <span class='ocr_line' id='line_1_20' title="bbox 229 2526 820 2607; baseline 0.002 -11"><span class='ocrx_word' id='word_1_133' title='bbox 229 2528 298 2596; x_wconf 85' lang='lat'>135.</span> <span class='ocrx_word' id='word_1_134' title='bbox 321 2552 520 2607; x_wconf 81' lang='lat' dir='ltr'>seuvanrvn.</span> <span class='ocrx_word' id='word_1_135' title='bbox 543 2526 713 2597; x_wconf 83' lang='lat' dir='ltr'>lllontanus</span> <span class='ocrx_word' id='word_1_136' title='bbox 736 2531 820 2598; x_wconf 89' lang='lat' dir='ltr'>dicit.</span> 
     </span>
     <span class='ocr_line' id='line_1_21' title="bbox 230 2638 1290 2713; baseline 0.007 -7"><span class='ocrx_word' id='word_1_137' title='bbox 230 2640 301 2707; x_wconf 74' lang='lat'>136.</span> <span class='ocrx_word' id='word_1_138' title='bbox 323 2662 413 2706; x_wconf 83' lang='lat' dir='ltr'>vrcrr</span> <span class='ocrx_word' id='word_1_139' title='bbox 435 2660 531 2705; x_wconf 81' lang='lat' dir='ltr'>orum</span> <span class='ocrx_word' id='word_1_140' title='bbox 554 2661 640 2705; x_wconf 82' lang='lat' dir='ltr'>vino.</span> <span class='ocrx_word' id='word_1_141' title='bbox 662 2638 826 2707; x_wconf 83' lang='lat' dir='ltr'>Neronem</span> <span class='ocrx_word' id='word_1_142' title='bbox 848 2640 1026 2709; x_wconf 84' lang='lat' dir='ltr'>Montanus.</span> <span class='ocrx_word' id='word_1_143' title='bbox 1263 2670 1290 2713; x_wconf 81' lang='lat' dir='ltr'>ro</span> 
     </span>
     <span class='ocr_line' id='line_1_22' title="bbox 229 2748 988 2841; baseline -0.003 -24"><span class='ocrx_word' id='word_1_144' title='bbox 229 2749 299 2817; x_wconf 90' lang='grc'><strong>137.</strong></span> <span class='ocrx_word' id='word_1_145' title='bbox 321 2772 500 2817; x_wconf 77' lang='lat' dir='ltr'>nvxvnmu.</span> <span class='ocrx_word' id='word_1_146' title='bbox 523 2772 586 2839; x_wconf 90' lang='lat' dir='ltr'>qna</span> <span class='ocrx_word' id='word_1_147' title='bbox 608 2750 870 2841; x_wconf 87' lang='lat' dir='ltr'>corrumpebatur</span> <span class='ocrx_word' id='word_1_148' title='bbox 891 2748 988 2817; x_wconf 85' lang='lat' dir='ltr'>Nero.</span> 
     </span>
    </p>
   </div>
   <div class='ocr_carea' id='block_1_5' title="bbox 139 2968 1289 3284">
    <p class='ocr_par' dir='ltr' id='par_1_12' title="bbox 139 2968 1289 3284">
     <span class='ocr_line' id='line_1_23' title="bbox 139 2968 1252 3065; baseline 0 -26"><span class='ocrx_word' id='word_1_149' title='bbox 139 2994 222 3039; x_wconf 87' lang='lat' dir='ltr'>sam.</span> <span class='ocrx_word' id='word_1_150' title='bbox 248 2970 312 3039; x_wconf 85' lang='lat' dir='ltr'>hoo</span> <span class='ocrx_word' id='word_1_151' title='bbox 332 2972 416 3054; x_wconf 90' lang='lat' dir='ltr'>ideo,</span> <span class='ocrx_word' id='word_1_152' title='bbox 446 2971 520 3064; x_wconf 89' lang='lat' dir='ltr'>quia</span> <span class='ocrx_word' id='word_1_153' title='bbox 540 2968 674 3038; x_wconf 82' lang='lat' dir='ltr'>auiditas</span> <span class='ocrx_word' id='word_1_154' title='bbox 701 2969 763 3037; x_wconf 89' lang='lat' dir='ltr'>cibi</span> <span class='ocrx_word' id='word_1_155' title='bbox 784 2972 925 3064; x_wconf 90' lang='lat' dir='ltr'>sequitur</span> <span class='ocrx_word' id='word_1_156' title='bbox 947 2971 1076 3038; x_wconf 92' lang='lat' dir='ltr'>nimiam</span> <span class='ocrx_word' id='word_1_157' title='bbox 1103 2980 1252 3065; x_wconf 85' lang='lat' dir='ltr'>perpota-</span> 
     </span>
     <span class='ocr_line' id='line_1_24' title="bbox 139 3082 272 3151; baseline 0.015 -2"><span class='ocrx_word' id='word_1_158' title='bbox 139 3082 272 3151; x_wconf 88' lang='lat' dir='ltr'>tionem.</span> 
     </span>
     <span class='ocr_line' id='line_1_25' title="bbox 231 3190 1289 3284; baseline 0.003 -25"><span class='ocrx_word' id='word_1_159' title='bbox 231 3192 302 3260; x_wconf 84' lang='lat'>139.</span> <span class='ocrx_word' id='word_1_160' title='bbox 333 3216 412 3265; x_wconf 77' lang='lat' dir='ltr'>vsvs</span> <span class='ocrx_word' id='word_1_161' title='bbox 433 3216 565 3262; x_wconf 76' lang='lat' dir='ltr'>nonum.</span> <span class='ocrx_word' id='word_1_162' title='bbox 598 3213 696 3284; x_wconf 90' lang='lat' dir='ltr'>quam</span> <span class='ocrx_word' id='word_1_163' title='bbox 716 3191 849 3259; x_wconf 87' lang='lat' dir='ltr'>Caesari</span> <span class='ocrx_word' id='word_1_164' title='bbox 870 3190 1065 3275; x_wconf 89' lang='lat' dir='ltr'>Domitiano,</span> <span class='ocrx_word' id='word_1_165' title='bbox 1087 3200 1143 3261; x_wconf 90' lang='lat' dir='ltr'>aut</span> <span class='ocrx_word' id='word_1_166' title='bbox 1164 3200 1251 3262; x_wconf 86' lang='lat' dir='ltr'>certe</span> <span class='ocrx_word' id='word_1_167' title='bbox 1263 3212 1289 3254; x_wconf 84' lang='lat'>2⁵</span> 
     </span>
    </p>
   </div>
   <div class='ocr_carea' id='block_1_6' title="bbox 138 3301 1254 3482">
    <p class='ocr_par' dir='ltr' id='par_1_13' title="bbox 138 3301 1254 3482">
     <span class='ocr_line' id='line_1_26' title="bbox 138 3301 1254 3482; baseline -0.001 -1"><span class='ocrx_word' id='word_1_168' title='bbox 138 3301 306 3481; x_wconf 43' lang='lat' dir='ltr'>montilli</span> <span class='ocrx_word' id='word_1_169' title='bbox 321 3409 501 3482; x_wconf 81' lang='lat' dir='ltr'>chnrnvu</span> <span class='ocrx_word' id='word_1_170' title='bbox 521 3436 565 3481; x_wconf 84' lang='lat' dir='ltr'>nn</span> <span class='ocrx_word' id='word_1_171' title='bbox 586 3432 704 3479; x_wconf 81' lang='lat' dir='ltr'>snxvu.</span> <span class='ocrx_word' id='word_1_172' title='bbox 726 3410 817 3479; x_wconf 88' lang='lat' dir='ltr'>loeus</span> <span class='ocrx_word' id='word_1_173' title='bbox 838 3408 1034 3479; x_wconf 85' lang='lat' dir='ltr'>Brittiorum.</span> <span class='ocrx_word' id='word_1_174' title='bbox 1137 3408 1254 3481; x_wconf 80' lang='lat' dir='ltr'>erv·</span> 
     </span>
    </p>
   </div>
   <div class='ocr_carea' id='block_1_7' title="bbox 138 3521 873 3595">
    <p class='ocr_par' dir='ltr' id='par_1_14' title="bbox 138 3521 873 3595">
     <span class='ocr_line' id='line_1_27' title="bbox 138 3521 873 3595; baseline -0.007 0"><span class='ocrx_word' id='word_1_175' title='bbox 138 3544 273 3595; x_wconf 64' lang='lat' dir='ltr'>amove.</span> <span class='ocrx_word' id='word_1_176' title='bbox 294 3521 386 3592; x_wconf 87' lang='lat' dir='ltr'>locus</span> <span class='ocrx_word' id='word_1_177' title='bbox 406 3524 440 3593; x_wconf 89' lang='lat' dir='ltr'>in</span> <span class='ocrx_word' id='word_1_178' title='bbox 461 3522 637 3592; x_wconf 89' lang='lat' dir='ltr'>Brittannia</span> <span class='ocrx_word' id='word_1_179' title='bbox 660 3523 729 3590; x_wconf 81' lang='lat' dir='ltr'>siue</span> <span class='ocrx_word' id='word_1_180' title='bbox 751 3522 873 3590; x_wconf 86' lang='lat' dir='ltr'>ciuitas.</span> 
     </span>
    </p>
   </div>
   <div class='ocr_carea' id='block_1_8' title="bbox 137 3735 1252 4193">
    <p class='ocr_par' dir='ltr' id='par_1_15' title="bbox 137 3735 1252 4193">
     <span class='ocr_line' id='line_1_28' title="bbox 139 3735 1252 3803; baseline -0.008 0"><span class='ocrx_word' id='word_1_181' title='bbox 139 3746 172 3803; x_wconf 79' lang='lat'>3.</span> <span class='ocrx_word' id='word_1_182' title='bbox 191 3744 308 3801; x_wconf 76' lang='lat' dir='ltr'>minaret</span> <span class='ocrx_word' id='word_1_183' title='bbox 327 3743 510 3799; x_wconf 82' lang='lat' dir='ltr'>PS.aorr.o.</span> <span class='ocrx_word' id='word_1_184' title='bbox 568 3740 597 3796; x_wconf 80' lang='lat'>4.</span> <span class='ocrx_word' id='word_1_185' title='bbox 619 3735 760 3796; x_wconf 80' lang='lat' dir='ltr'>efferebat</span> <span class='ocrx_word' id='word_1_186' title='bbox 778 3754 804 3794; x_wconf 82' lang='lat' dir='ltr'>a.</span> <span class='ocrx_word' id='word_1_187' title='bbox 868 3740 896 3797; x_wconf 85' lang='lat'>5.</span> <span class='ocrx_word' id='word_1_188' title='bbox 918 3738 1091 3795; x_wconf 70' lang='lat' dir='ltr'>altrorsus.</span> <span class='ocrx_word' id='word_1_189' title='bbox 1151 3740 1179 3795; x_wconf 88' lang='grc'>6.</span> <span class='ocrx_word' id='word_1_190' title='bbox 1201 3754 1252 3795; x_wconf 89' lang='lat' dir='ltr'>ex-</span> 
     </span>
     <span class='ocr_line' id='line_1_29' title="bbox 140 3814 1251 3879; baseline -0.007 -2"><span class='ocrx_word' id='word_1_191' title='bbox 140 3839 245 3879; x_wconf 83' lang='lat' dir='ltr'>eussus</span> <span class='ocrx_word' id='word_1_192' title='bbox 256 3821 312 3876; x_wconf 76' lang='lat' dir='ltr'>Ps.</span> <span class='ocrx_word' id='word_1_193' title='bbox 324 3836 399 3876; x_wconf 82' lang='lat' dir='ltr'>oorr.</span> <span class='ocrx_word' id='word_1_194' title='bbox 411 3836 436 3875; x_wconf 91' lang='lat' dir='ltr'>o.</span> <span class='ocrx_word' id='word_1_195' title='bbox 518 3822 564 3874; x_wconf 89' lang='grc'>10.</span> <span class='ocrx_word' id='word_1_196' title='bbox 585 3816 699 3872; x_wconf 82' lang='lat' dir='ltr'>falcatis</span> <span class='ocrx_word' id='word_1_197' title='bbox 714 3815 774 3869; x_wconf 87' lang='lat' dir='ltr'>ibat</span> <span class='ocrx_word' id='word_1_198' title='bbox 788 3816 915 3872; x_wconf 85' lang='lat' dir='ltr'>enrrilms</span> <span class='ocrx_word' id='word_1_199' title='bbox 928 3814 1128 3872; x_wconf 88' lang='lat' dir='ltr'>Britannorum</span> <span class='ocrx_word' id='word_1_200' title='bbox 1147 3832 1197 3873; x_wconf 83' lang='lat' dir='ltr'>rex</span> <span class='ocrx_word' id='word_1_201' title='bbox 1213 3814 1251 3870; x_wconf 85' lang='lat' dir='ltr'>ad</span> 
     </span>
     <span class='ocr_line' id='line_1_30' title="bbox 137 3888 1249 3964; baseline -0.008 -8"><span class='ocrx_word' id='word_1_202' title='bbox 137 3896 219 3956; x_wconf 81' lang='lat' dir='ltr'>bella</span> <span class='ocrx_word' id='word_1_203' title='bbox 235 3894 375 3955; x_wconf 60' lang='lat' dir='ltr'>altantis.</span> <span class='ocrx_word' id='word_1_204' title='bbox 437 3896 569 3952; x_wconf 83' lang='lat' dir='ltr'>utebatur</span> <span class='ocrx_word' id='word_1_205' title='bbox 579 3899 631 3949; x_wconf 86' lang='lat' dir='ltr'>aut</span> <span class='ocrx_word' id='word_1_206' title='bbox 641 3892 768 3947; x_wconf 83' lang='lat' dir='ltr'>bellabat</span> <span class='ocrx_word' id='word_1_207' title='bbox 779 3888 1009 3964; x_wconf 72' lang='lat' dir='ltr'>Soliurtzlloioob.</span> <span class='ocrx_word' id='word_1_208' title='bbox 1089 3894 1135 3949; x_wconf 89' lang='grc'><strong>13.</strong></span> <span class='ocrx_word' id='word_1_209' title='bbox 1157 3908 1249 3964; x_wconf 75' lang='lat' dir='ltr'>prro·</span> 
     </span>
     <span class='ocr_line' id='line_1_31' title="bbox 137 3966 1250 4047; baseline -0.009 -14"><span class='ocrx_word' id='word_1_210' title='bbox 137 3991 213 4033; x_wconf 74' lang='lat' dir='ltr'>ianm</span> <span class='ocrx_word' id='word_1_211' title='bbox 227 3990 338 4035; x_wconf 76' lang='lat' dir='ltr'>namn</span> <span class='ocrx_word' id='word_1_212' title='bbox 351 3970 416 4029; x_wconf 86' lang='lat' dir='ltr'>odd.</span> <span class='ocrx_word' id='word_1_213' title='bbox 431 3990 462 4047; x_wconf 85' lang='lat' dir='ltr'>p.</span> <span class='ocrx_word' id='word_1_214' title='bbox 550 3974 597 4027; x_wconf 89' lang='grc'>16.</span> <span class='ocrx_word' id='word_1_215' title='bbox 619 3969 735 4046; x_wconf 84' lang='lat' dir='ltr'>patinae</span> <span class='ocrx_word' id='word_1_216' title='bbox 755 3966 876 4044; x_wconf 84' lang='lat' dir='ltr'>figurate</span> <span class='ocrx_word' id='word_1_217' title='bbox 896 3986 921 4025; x_wconf 86' lang='lat' dir='ltr'>s.</span> <span class='ocrx_word' id='word_1_218' title='bbox 1010 3972 1057 4026; x_wconf 83' lang='lat'>22.</span> <span class='ocrx_word' id='word_1_219' title='bbox 1078 3986 1132 4044; x_wconf 91' lang='lat' dir='ltr'>per</span> <span class='ocrx_word' id='word_1_220' title='bbox 1151 3984 1250 4024; x_wconf 84' lang='lat' dir='ltr'>uerum</span> 
     </span>
     <span class='ocr_line' id='line_1_32' title="bbox 137 4042 1251 4124; baseline -0.013 -13"><span class='ocrx_word' id='word_1_221' title='bbox 137 4054 199 4111; x_wconf 72' lang='grc' dir='ltr'>ΡΒ.</span> <span class='ocrx_word' id='word_1_222' title='bbox 254 4048 458 4107; x_wconf 86' lang='lat' dir='ltr'>libidinosioris</span> <span class='ocrx_word' id='word_1_223' title='bbox 479 4064 659 4124; x_wconf 79' lang='lat' dir='ltr'>permenam</span> <span class='ocrx_word' id='word_1_224' title='bbox 680 4042 914 4119; x_wconf 69' lang='lat' dir='ltr'>Saburtzploirob.</span> <span class='ocrx_word' id='word_1_225' title='bbox 934 4046 1081 4102; x_wconf 82' lang='lat' dir='ltr'>libidinem</span> <span class='ocrx_word' id='word_1_226' title='bbox 1102 4044 1160 4100; x_wconf 83' lang='lat' dir='ltr'>oris</span> <span class='ocrx_word' id='word_1_227' title='bbox 1182 4062 1251 4119; x_wconf 87' lang='lat' dir='ltr'>per-</span> 
     </span>
     <span class='ocr_line' id='line_1_33' title="bbox 138 4116 1251 4193; baseline -0.009 -6"><span class='ocrx_word' id='word_1_228' title='bbox 138 4146 256 4187; x_wconf 84' lang='lat' dir='ltr'>uersam</span> <span class='ocrx_word' id='word_1_229' title='bbox 276 4146 301 4185; x_wconf 85' lang='lat' dir='ltr'>a.</span> <span class='ocrx_word' id='word_1_230' title='bbox 398 4129 447 4184; x_wconf 84' lang='grc'><strong>23.</strong></span> <span class='ocrx_word' id='word_1_231' title='bbox 474 4134 523 4180; x_wconf 86' lang='lat' dir='ltr'>aut</span> <span class='ocrx_word' id='word_1_232' title='bbox 541 4123 715 4181; x_wconf 68' lang='lat' dir='ltr'>uenatum.</span> <span class='ocrx_word' id='word_1_233' title='bbox 829 4126 880 4182; x_wconf 83' lang='lat'>27.</span> <span class='ocrx_word' id='word_1_234' title='bbox 909 4121 988 4181; x_wconf 84' lang='lat' dir='ltr'>lacus</span> <span class='ocrx_word' id='word_1_235' title='bbox 1014 4116 1251 4193; x_wconf 71' lang='lat' dir='ltr'>Sobartzllaisob.</span> 
     </span>
    </p>
   </div>
   <div class='ocr_carea' id='block_1_9' title="bbox 135 4197 1008 4363">
    <p class='ocr_par' dir='ltr' id='par_1_16' title="bbox 135 4197 1008 4363">
     <span class='ocr_line' id='line_1_34' title="bbox 135 4197 1008 4363; baseline -0.005 -100"><span class='ocrx_word' id='word_1_236' title='bbox 135 4210 189 4269; x_wconf 83' lang='lat'>28.</span> <span class='ocrx_word' id='word_1_237' title='bbox 209 4204 290 4263; x_wconf 82' lang='lat' dir='ltr'>littus</span> <span class='ocrx_word' id='word_1_238' title='bbox 310 4197 543 4278; x_wconf 67' lang='lat' dir='ltr'>Sabastrllaiaob.</span> <span class='ocrx_word' id='word_1_239' title='bbox 948 4294 1008 4363; x_wconf 80' lang='lat'>15·</span> 
     </span>
    </p>
   </div>
   <div class='ocr_carea' id='block_1_10' title="bbox 0 0 1518 4859">
    <p class='ocr_par' dir='ltr' id='par_1_17' title="bbox 0 0 1518 4859">
     <span class='ocr_line' id='line_1_35' title="bbox 0 0 1518 4859; baseline 0 2"><span class='ocrx_word' id='word_1_240' title='bbox 0 0 1518 4859; x_wconf 95' lang='lat' dir='ltr'> </span> 
     </span>
    </p>
   </div>
  </div>
 </body>
</html>
