3025 4859
588 418 774 473 snrrnnr.
1161 406 1238 480 177

126 568 231 652 nocet.
254 572 257 575 ’
316 604 445 653 manum
468 604 598 654 uvuuro.
625 587 750 655 infamis
773 587 999 682 pronunciatum
1021 588 1087 657 siue
1110 587 1237 682 diepen-

127 696 178 763 dio
200 696 365 787 pecuniae.

210 806 263 871 49.
306 803 401 874 Exvr.
423 831 464 875 no
486 831 516 877 o.
550 810 603 901 qui
624 809 739 878 iudicio
762 810 926 892 uocabant,
955 811 1077 880 decima
1105 833 1159 879 ora
1182 834 1236 879 ce-

124 912 251 982 nabant.
284 914 337 983 hic
359 917 442 984 enirn
464 919 503 986 ab
527 928 651 986 octaua.

210 1026 261 1092 50.
304 1025 483 1097 Pnovrucrn
502 1053 634 1099 roonis.
666 1034 740 1123 quia
763 1032 904 1125 spoliata.
1248 1052 1260 1091 ⁵

209 1137 261 1202 51.
305 1136 414 1207 Druna
434 1161 594 1209 avcnnun.
626 1141 789 1210 lucernam
811 1143 883 1211 ideo
907 1145 990 1225 dicit,
1014 1144 1087 1235 quia
1109 1146 1237 1234 satyrici

128 1245 168 1314 ad
189 1245 354 1315 homiuum
376 1253 451 1318 uitia
475 1252 565 1343 quasi
585 1251 748 1320 lucernam
766 1253 947 1334 admouent,
970 1263 1002 1320 et
1024 1252 1077 1320 uel
1100 1255 1238 1322 adurunt

128 1355 182 1423 uel
211 1359 382 1426 ostendunt
408 1363 537 1430 crimina
560 1385 642 1453 quae
663 1373 831 1431 nonerunt.
939 1361 1105 1432 chvsrun
1128 1371 1236 1432 autem

125 1466 205 1550 ideo,
228 1469 302 1559 quia
322 1467 403 1538 haec
424 1472 483 1538 luit
504 1473 615 1540 ciuitas
638 1473 746 1541 Oratii.
876 1495 1034 1542 overrun.
1057 1474 1089 1543 id
1112 1482 1161 1542 ost
1181 1483 1237 1542 aut

125 1575 222 1646 talem
244 1587 384 1647 saturam
406 1581 520 1665 scribo,
542 1583 669 1675 qualern
691 1584 819 1650 Oratius
841 1585 975 1676 scripsit.
1249 1609 1275 1650 ιο

211 1689 263 1755 52
307 1714 393 1758 nnuc
417 1715 479 1762 cco
501 1718 530 1762 u.
554 1721 583 1763 n.
628 1717 818 1787 persequar,
845 1703 881 1761 ut
907 1691 1058 1788 Virgilius
1087 1694 1179 1784 [Aen.
1198 1693 1236 1776 V,

124 1797 203 1888 265]
227 1793 397 1890 ‘pallanteo
419 1802 521 1871 Troas
543 1801 677 1897 agebat?
746 1803 952 1874 Hunacuuas.
996 1803 1145 1874 Herculis
1168 1808 1237 1893 (au-

124 1912 203 1995 tem)
226 1909 391 1978 columnas
410 1915 444 1981 in
465 1913 593 2006 Spaniis
615 1924 670 1982 aut
691 1913 862 1982 Atlantem.

209 2020 261 2087 53.
288 2022 364 2090 Avr
385 2023 585 2093 Drouuuuns.
613 2028 717 2094 socios
728 2025 895 2095 Diomedis
913 2027 946 2095 in
961 2049 1039 2096 aues
1050 2049 1236 2097 conuersos.

207 2131 419 2204 Luarnrurrrr.
452 2135 631 2203 Minotauri.
1249 2169 1274 2209 ru

210 2245 261 2312 54.
306 2247 357 2314 Er
377 2269 466 2315 unua
488 2271 560 2316 run.
572 2271 601 2316 r.
635 2245 769 2316 lcarium
791 2248 874 2317 dicit.
961 2272 1154 2328 rnuuvuovu
1177 2271 1236 2320 vo·

124 2375 265 2424 maurum.
287 2355 477 2426 Daedalum.

210 2467 261 2534 56.
306 2468 383 2537 Cvn
404 2491 488 2538 acuo
509 2493 670 2539 nccrrrnr.
693 2471 826 2538 maritus
848 2471 992 2539 uendens
1014 2471 1160 2562 coniugis
1181 2494 1236 2538 ca-

124 2577 274 2645 etitatem.
317 2577 369 2648 lvs
391 2600 533 2649 uranum.
563 2582 589 2648 si
616 2581 801 2650 facultatem
823 2582 954 2649 maritus
975 2603 1039 2648 non
1066 2579 1172 2663 habet,
1199 2587 1236 2648 ut

126 2685 345 2781 deprehendat
370 2691 552 2783 spoliandos
578 2692 749 2774 adulteros,
777 2693 851 2784 quia
880 2699 957 2758 nota
980 2699 1030 2757 est
1050 2691 1119 2758 cius
1139 2692 1275 2771 naono

124 2807 233 2868 tamen
261 2803 495 2870 conniuentiam
525 2825 618 2870 suam
638 2802 790 2871 adulteris
811 2801 930 2870 uendit.
959 2809 991 2867 et
1013 2802 1058 2868 sic
1079 2798 1237 2892 intellegi·

125 2919 191 2976 tur:
227 2912 254 2976 ri
274 2934 357 2980 uxor
379 2914 447 2981 eius
468 2914 537 2982 iure
566 2914 756 3006 impediatur
784 2911 927 2980 adultero
958 2911 1140 2993 succedere,
1167 2910 1236 3003 ipse

124 3022 257 3089 maritus
279 3020 351 3090 leno
373 3025 516 3092 succedit
537 3023 681 3092 adultero
703 3022 807 3104 heres,
828 3031 864 3091 ut
886 3047 943 3115 per
956 3021 1236 3090 fideicommissum

125 3155 179 3201 reu
200 3130 335 3200 adulteri
357 3133 397 3202 ad
419 3134 595 3204 adulterum
615 3136 752 3202 ueniant.

210 3243 263 3310 56.
306 3267 442 3312 uocrvs.
470 3255 507 3312 ut
527 3249 630 3315 carius
652 3245 772 3314 uendat
793 3244 982 3312 adulterium
1004 3265 1155 3336 praesens
1179 3249 1235 3310 cst.
1249 3265 1274 3305 as

212 3353 264 3421 58.
310 3353 385 3423 Cvu
407 3377 463 3424 rus
485 3381 560 3424 ussc
582 3381 612 3425 r.
635 3365 671 3424 ut
690 3355 825 3447 accipiat
846 3355 1056 3423 consulatum.
1179 3375 1238 3419 cv·

127 3491 195 3540 unu
217 3489 360 3534 urrunnu
383 3488 552 3536 concurro.
573 3467 708 3536 militurn
731 3465 933 3533 tribunatum.

213 3577 266 3645 59.
310 3601 364 3655 our
386 3599 637 3648 cornorum.
659 3584 790 3670 propter
812 3598 912 3672 equos
933 3574 995 3644 hoc
1017 3574 1097 3644 dixit
1119 3582 1151 3643 et
1171 3572 1238 3643 Nc-

125 3711 240 3760 roncm
261 3690 371 3782 tangit.

215 3801 268 3867 51.
311 3797 495 3869 Funururnn
515 3823 600 3869 rvrcra
622 3800 838 3868 Aurouuoou.
865 3818 924 3890 pro
947 3797 1064 3890 auriga.
1252 3825 1279 3865 ao

129 4029 159 4084 l.
180 4035 266 4083 nocet
289 4029 316 4084 V
336 4026 514 4084 Gronouiuo.
535 4035 604 4083 nota
623 4027 682 4083 ΡΒ.
703 4032 785 4082 notat
804 4027 941 4099 liutgero.
1025 4025 1053 4082 4.
1074 4022 1120 4080 hic
1141 4023 1196 4078 iarn
1216 4040 1241 4077 a.

128 4106 158 4162 7.
178 4103 305 4161 omnium
323 4105 382 4161 ΡΒ.
403 4119 516 4160 curm.
593 4113 663 4160 etut
681 4105 739 4160 ΡΒ.
762 4102 809 4160 uel
830 4111 860 4158 ut
880 4101 1004 4158 adurant
1024 4099 1122 4157 uelut
1142 4109 1240 4155 osten·

129 4179 202 4236 dant
219 4198 246 4238 a.
319 4184 348 4240 8.
369 4188 400 4236 ut
419 4181 478 4236 ΡΒ.
553 4172 747 4239 ‘Venusinam
767 4197 786 4234 o
808 4181 935 4238 Vonruio
954 4177 1004 4234 ubi
1022 4175 1149 4234 laternae
1168 4174 1243 4232 lcum

128 4255 261 4330 sonunt,
281 4264 315 4315 ut
334 4255 445 4316 Produc
463 4257 569 4333 iuuant,
590 4247 1008 4334 montemsarculum?
1032 4255 1066 4312 V.

951 4352 994 4419 12
