3025 4859
590 359 823 415 servarem.
1166 347 1264 421 ’291

239 524 287 590 14.
324 544 490 607 κηνωκ
516 524 708 595 Hencvnen.
743 548 860 620 magna
883 548 938 595 ara
960 526 1001 595 ad
1023 524 1198 597 Herculem
1221 528 1267 597 di·

150 634 234 700 citnr
255 633 378 703 Romae
400 638 488 705 iuxta
512 639 641 705 circum.
726 638 856 731 lineus.
880 662 921 705 ex
944 660 1063 731 genere
1085 637 1242 707 Herculis.

241 748 287 813 15.
311 771 415 815 vnnvs
432 746 653 816 eaEvcnnun.
676 746 857 833 Tarentina,
882 747 1028 829 Calabra,
1052 757 1108 815 aut
1130 747 1264 817 Veneta.

244 860 291 928 16.
313 883 341 924 si
363 881 519 926 rensavrr
542 883 618 926 aar.
642 883 671 927 c.
701 857 814 927 Catina
838 858 990 950 oppidum
1013 858 1141 927 Siciliae
1163 886 1266 953 usque

150 966 193 1033 ad
216 968 329 1058 probra
353 969 542 1036 dissolutum
564 976 701 1037 notatur.
723 979 760 1036 ut
782 979 814 1037 et
835 967 1023 1072 Oibaculus:
1041 964 1142 1037 ‘Osce
1155 994 1264 1052 senex,
1293 998 1305 1037 a

151 1076 350 1171 Catinaeque
374 1103 462 1171 puer,
484 1080 629 1147 Cumana
652 1077 822 1147 meretrix?

241 1190 288 1256 17.
312 1215 507 1267 savinensis
520 1214 593 1259 rna,
616 1192 790 1259 dedecorat
804 1199 952 1283 parentes
968 1213 1053 1259 suus.
1119 1214 1266 1259 aneson-

152 1324 216 1377 ονε
239 1324 366 1369 rennui.
401 1296 473 1369 ἀπὸ
496 1306 620 1371 κοινοῦ.
654 1302 730 1395 quid
753 1302 898 1395 prodest,
922 1303 975 1393 qui
997 1310 1128 1393 propter
1149 1304 1266 1395 llagitia

151 1410 193 1480 ad
215 1436 375 1480 uenenum
397 1411 561 1506 currlngit?

237 1523 288 1589 20.
311 1546 405 1592 asnia
420 1547 596 1592 noununs.
618 1522 649 1590 id
670 1532 727 1604 est,
749 1521 826 1589 nihil
841 1530 975 1613 prosunt
988 1533 1155 1615 parentum
1171 1525 1263 1607 laeta,
1281 1556 1305 1594 ra

152 1634 213 1700 nisi
232 1656 290 1701 sua
313 1636 430 1701 uirtute
452 1643 507 1701 aut
527 1632 691 1701 nobilitate
713 1658 749 1701 se
773 1633 942 1699 ornauerit.

238 1746 290 1813 21.
324 1769 462 1814 ueniens
484 1769 575 1813 esre.
614 1744 711 1833 [esto]
740 1742 854 1814 nobilis
883 1743 1026 1811 muribus
1055 1746 1131 1826 tuis,
1165 1754 1200 1813 ut
1226 1746 1271 1815 illi

153 1855 229 1922 lacti
252 1866 334 1924 sunt

238 1968 289 2032 22.
327 1992 387 2036 nos
415 1992 500 2037 Anne
530 1991 683 2037 nurlcluS.
720 1968 751 2035 id
774 1974 837 2047 est,
875 1990 980 2035 mores
1008 1975 1081 2035 tuos
1109 1978 1268 2061 antepone

154 2078 263 2143 untuti
286 2100 407 2147 eorum.
534 2080 587 2145 23.
616 2101 759 2147 consvle
784 2100 908 2145 vinens.
936 2078 969 2146 id
991 2087 1041 2145 est
1062 2103 1168 2147 mores
1192 2080 1266 2147 boni
1283 2103 1306 2142 rs

153 2188 267 2254 fasces.

240 2298 292 2367 24.
313 2324 414 2368 parua
435 2322 507 2368 nnn
526 2324 638 2369 usses.
661 2300 746 2371 nard
770 2303 895 2369 κοινοῦ.
918 2299 1015 2368 debes
1038 2301 1143 2368 animo
1167 2298 1270 2367 bonus

155 2418 189 2476 et
210 2410 313 2477 iustus
335 2434 415 2479 esse.

239 2522 290 2588 26.
325 2544 503 2591 anenosco.
536 2522 567 2589 id
591 2532 653 2606 est,
676 2526 703 2590 si
724 2522 877 2590 honestus
901 2520 1007 2601 fueris,
1030 2529 1105 2589 tunc
1129 2530 1160 2589 te
1182 2524 1269 2613 prin-

155 2632 261 2721 cipem
283 2654 375 2699 meae
398 2634 534 2699 ciuitatis
555 2633 672 2716 dicam,
699 2656 764 2701 non
794 2633 820 2699 si
842 2632 996 2724 imagines
1019 2632 1174 2701 maiorum
1196 2642 1309 2700 tuo-20

155 2764 229 2808 rum
251 2742 303 2808 uel
325 2742 508 2811 consulatus
531 2742 689 2812 ostendas.
1193 2832 1198 2839 ,
1239 2812 1242 2817 .

241 2853 293 2919 27.
316 2878 359 2920 ne
380 2877 539 2922 sanuvnne
560 2878 590 2922 n.
613 2854 644 2922 id
666 2863 724 2936 est,
746 2854 800 2946 qui
824 2853 946 2921 natales
968 2853 1078 2921 ciuiles
1100 2852 1225 2921 habeat.

241 2963 294 3028 29.
334 2988 465 3033 cnam
488 2963 590 3033 Osnn.
627 2963 774 3033 Tibullus
798 2962 832 3053 [l,
856 2967 884 3044 7,
907 2965 962 3054 29]
998 2965 1038 3032 de
1060 2964 1145 3031 Osiri
1174 2967 1270 3032 dixit:

152 3066 289 3162 ‘primus
311 3083 457 3141 aratrum'
472 3098 568 3142 manu
596 3074 704 3142 solerti
730 3076 807 3144 lecit
829 3073 929 3142 Osiris
960 3084 993 3143 et
1020 3076 1159 3143 cinerem
1186 3078 1268 3149 lerao

157 3181 340 3250 sollicitauit
359 3184 501 3266 humum,
523 3186 611 3277 prius
631 3188 819 3278 inexpertae
841 3188 1000 3254 commisit
1021 3186 1142 3253 semina
1165 3195 1268 3253 terrae
1282 3204 1308 3243 2⁵

157 3315 320 3385 pomaque
340 3318 405 3363 non
427 3296 511 3364 nutis
531 3296 610 3385 legit
630 3294 670 3361 ab
692 3293 877 3363 arboribus.³
971 3296 1109 3389 populns
1131 3296 1270 3388 Aegypti

157 3408 289 3473 inuento
312 3404 396 3473 Osiri
419 3406 516 3473 dixit:
545 3402 739 3498 εὑρήκαμεν,
763 3404 992 3499 συγχαίρομεν.

158 3601 187 3655 2.
210 3597 315 3653 eirenen
335 3595 506 3654 Flaminium
526 3616 556 3674 p.
673 3599 701 3655 5.
724 3596 800 3656 unde
830 3596 986 3671 Werreliap
1008 3596 1046 3654 nd
1065 3596 1175 3654 Antea.
1195 3596 1270 3671 Anp.

158 3676 225 3732 itin.
245 3693 274 3750 p.
288 3678 336 3732 87.
455 3674 614 3731 Vibaeulns
635 3678 669 3732 P.
690 3674 812 3733 Vibalns
834 3677 866 3733 S.
888 3694 959 3734 enar.
979 3694 1007 3752 p.
1118 3674 1190 3733 Oste
1212 3676 1269 3732 ΡΒ.

161 3770 276 3828 eernp.
299 3751 397 3810 'Prisce
418 3750 481 3809 red.
503 3748 757 3824 Selnrtzlleirelrii.
849 3756 876 3810 6.
900 3752 983 3809 Cana
1002 3754 1060 3811 PS.
1073 3770 1187 3827 ουτω).
1210 3752 1272 3826 Cy-

159 3847 246 3887 rnana
266 3828 325 3887 nod.
346 3826 603 3901 Seliurtzlleireliii.
720 3832 749 3887 8.
770 3848 881 3887 aennon
900 3832 959 3888 PS.
1062 3830 1087 3886 ei
1107 3838 1226 3907 propter
1245 3848 1270 3885 s.

161 3912 209 3965 11.
230 3925 300 3963 snae
311 3906 407 3962 rrirnni
420 3916 469 3963 aar
480 3907 621 3963 nobilitati
632 3909 689 3964 ΡΒ.
702 3923 777 3963 eurr.
792 3926 816 3964 e.
873 3910 921 3964 13.
942 3906 1026 3965 sactis
1039 3911 1109 3979 (nari.
1121 3904 1199 3977 sunt)
1214 3908 1271 3961 PS.

160 3988 209 4042 17.
229 4001 341 4041 κουνου
361 3986 419 4041 ΡΒ.
488 3988 534 4042 19.
554 3982 683 4041 lronerrie
703 3985 761 4041 ΡΒ.
778 4001 852 4041 cerr.
865 4002 889 4041 e.
958 3989 1004 4043 21.
1026 3995 1056 4039 ut
1076 3985 1132 4039 ΡΒ.
1153 3999 1226 4038 corr.
1248 4000 1271 4038 e.

159 4066 210 4120 22¹.
231 4062 280 4134 qni
300 4061 373 4117 tales
394 4059 441 4117 nel
462 4061 554 4117 nisnrn
574 4060 679 4119 lrabeat
699 4062 758 4118 ΡΒ.
791 4062 869 4137 qarod
895 4061 980 4118 talein
1010 4064 1100 4117 claein
1123 4058 1227 4114 lrabeat
1247 4076 1271 4113 r.

161 4140 212 4213 qui
238 4135 327 4207 refert
353 4136 393 4195 nd
415 4130 556 4194 ‘ouanti’.
666 4142 715 4196 24.
735 4149 883 4195 aratra—-
898 4149 926 4197 er
951 4149 1078 4195 teneram
1103 4133 1244 4193 nebettam.

160 4220 211 4273 25.
233 4215 342 4293 primns
365 4212 506 4273 lutatius.
584 4218 632 4273 27.
653 4232 820 4291 evnrpxuprer
840 4217 872 4272 Β.

966 4312 1031 4379 19·
