3025 4859
609 391 755 447 servas
773 396 793 449 1.
1229 387 1252 461 5

135 566 226 659 quod
247 574 406 659 superest,
429 589 526 659 quem
544 562 652 633 Massa
669 564 770 643 timet,
787 586 883 655 quem
901 586 1034 631 munere
1055 565 1164 659 palpat
1211 576 1251 639 35

134 676 245 746 Carus
268 686 302 745 ct
323 700 342 745 a
365 677 488 769 trepido
510 673 667 766 Thymele
688 676 857 740 summissa
878 672 1007 756 Latino,

134 813 211 857 cum
234 798 270 856 te
292 796 517 856 summoueant
538 787 592 877 qui
614 793 801 851 testamenta
825 794 987 852 merentur

131 898 296 980 noctibus,
318 902 350 966 in
372 897 497 965 caelum
519 920 600 990 quos
622 894 729 963 euellit
751 897 869 986 optima
892 900 1007 964 summi

133 1033 221 1079 nunc
245 1013 299 1077 uia
322 1032 502 1101 processus,
523 1005 651 1075 uetulae
673 1007 782 1073 uesica
805 1006 939 1074 beatae?

135 1120 302 1187 unciolam
325 1118 510 1187 Proculeius
531 1116 642 1198 habet,
664 1117 722 1184 sed
745 1115 830 1184 Gillo
855 1118 1026 1201 deuncem,
1208 1134 1249 1193 4ο

135 1241 247 1323 partes
272 1233 407 1323 quisque
429 1252 505 1297 suas
528 1230 568 1297 ad
590 1250 770 1297 mensuram
793 1230 929 1321 inguinis
951 1230 1053 1299 heres.

133 1344 275 1434 accipiat
297 1365 373 1408 sane
395 1341 578 1408 mercedem
599 1340 760 1433 sanguinis
783 1349 815 1405 et
837 1342 883 1406 sic

131 1453 268 1544 palleat,
292 1460 328 1518 ut
349 1452 441 1519 nudis
462 1453 577 1543 pressit
598 1455 652 1545 qui
674 1450 815 1517 calcibus
838 1474 990 1544 anguem,

132 1572 187 1632 aut
208 1562 461 1655 Lugdunensem
484 1561 593 1631 rhetor
615 1565 756 1631 dicturus
778 1561 818 1629 ad
840 1586 936 1629 aram.

131 1674 208 1766 quid
231 1675 371 1740 referam
393 1684 508 1765 quanta
531 1674 652 1740 siccum
675 1672 764 1738 iecur
786 1674 895 1741 ardeat
916 1674 978 1757 ira,
1204 1684 1244 1745 45

132 1808 206 1851 cum
229 1783 386 1876 populum
409 1785 560 1877 gregibus
582 1786 734 1851 comitum
756 1786 872 1875 premit
893 1784 944 1853 hic
967 1785 1119 1879 spoliator

130 1892 244 1986 pupilli
267 1897 452 1984 prostantis,
475 1904 508 1961 et
528 1894 581 1961 hic
602 1894 769 1961 damnatus
791 1894 874 1960 inani

132 2005 251 2073 iudicio
276 2006 364 2096 (quid
387 2006 471 2071 enim
493 2005 589 2073 saluis
610 2005 739 2071 infamia
762 2004 934 2094 nummisl)

134 2112 209 2182 exul
231 2114 274 2181 ab
298 2124 414 2183 octaua
436 2115 554 2184 lllarius
578 2116 655 2183 bibit
677 2123 710 2181 et
731 2116 844 2183 [ruitur
866 2116 914 2183 dis

132 2226 234 2308 iratis,
258 2234 293 2292 at
316 2235 350 2293 tu
372 2228 486 2295 uictrix
507 2228 669 2319 prouincia
691 2224 821 2317 ploras?

13 2326 18 2343 ’
133 2332 212 2405 baec
236 2360 300 2430 ego
322 2358 386 2406 non
409 2338 538 2405 credam
559 2335 722 2405 Venusina
745 2337 839 2429 digna
863 2337 1015 2407 lucerna?

132 2444 211 2517 lraec
234 2471 298 2541 ego
320 2470 386 2517 non
408 2446 548 2542 agitem‘.>
575 2448 632 2515 sed
654 2448 730 2539 quid
752 2447 878 2539 magis?
905 2447 1080 2523 Heracleas

132 2568 185 2626 aut
205 2557 405 2627 Diomedeas
427 2568 483 2627 aut
502 2560 659 2652 mugitum
681 2558 850 2648 labyrinthi

133 2678 164 2737 et
183 2694 280 2762 marc!
293 2693 482 2763 percussum
504 2692 605 2762 puero
627 2669 815 2761 labrumque
839 2670 1016 2756 uolantem,

133 2803 205 2849 cum
226 2767 302 2849 leno
324 2784 460 2874 accipiat
479 2780 606 2849 moechi
627 2780 725 2861 bona,
748 2781 774 2845 si
798 2783 942 2873 capiendi
1201 2799 1242 2857 55

132 2894 180 2961 ius
200 2892 326 2962 nullum
347 2896 455 2976 uxori,
478 2894 592 2961 doctus
615 2900 761 2983 spectare
782 2892 928 2976 lacunar,

134 3002 245 3073 doctus
268 3004 363 3072 etad
385 3004 516 3073 calicem
538 3001 682 3096 uigilanti
703 3011 838 3070 stertere
860 3027 953 3089 nas03

135 3136 205 3183 cum
224 3118 274 3183 ias
296 3139 369 3182 esse
390 3124 481 3208 putet
503 3137 612 3182 curam
634 3138 765 3207 sperare
789 3114 938 3198 cohortis,

135 3230 186 3318 qui
205 3227 292 3295 bona
313 3227 444 3295 donauit
465 3227 672 3319 praesepibus
696 3236 729 3293 et
750 3238 838 3295 caret
860 3231 947 3297 omni

135 3340 288 3406 maimum
310 3360 425 3419 censu,
448 3337 524 3407 dum
546 3337 693 3431 percolat
714 3362 776 3405 axe
799 3340 894 3407 citato
1198 3354 1239 3411 60

136 3558 181 3616 35.
201 3575 290 3635 super
310 3564 355 3615 est
373 3558 409 3615 P.
511 3554 560 3611 tim
582 3563 669 3631 etque
689 3574 808 3614 munere
828 3560 863 3616 P.
979 3562 1027 3617 36.
1054 3568 1085 3617 ut
1105 3560 1244 3620 Heioricb

13 3644 22 3665 ¹
138 3640 260 3693 comm-1
269 3638 353 3711 p.31.
423 3636 471 3691 38.
492 3634 622 3690 noctibus
635 3652 695 3709 pro:
715 3636 828 3690 nontibr
841 3638 875 3695 P.
945 3638 1242 3697 asperrimorum

136 3712 234 3770 beatae
251 3714 396 3771 Priscian.
407 3715 467 3777 ΠΙ,
478 3714 506 3779 6,
517 3710 564 3768 34.
642 3711 759 3768 uaesica
771 3715 805 3768 P.
883 3712 931 3773 40.
953 3718 1093 3773 Priscian.
1103 3720 1240 3786 ΙΙΙ,7,41

137 3792 236 3863 pon.
314 3789 416 3868 procul
437 3790 498 3846 eius
520 3791 555 3846 P.
634 3789 681 3846 44.
704 3788 803 3845 retlror
822 3792 856 3847 P.
934 3796 981 3849 46.
1004 3804 1116 3871 premat
1135 3809 1163 3861 ς.

138 3868 181 3923 47.
202 3878 231 3924 ai
247 3868 299 3925 hic
318 3884 354 3923 ω.
471 3868 518 3923 49.
533 3869 580 3923 50.
602 3868 744 3925 Priscian.
755 3870 873 3937 XVIII,
883 3870 930 3937 25,
945 3873 1002 3928 250
1016 3890 1045 3946 p.
1059 3876 1143 3929 1193.

140 3943 258 3998 exul-
278 3946 350 4001 bibit
368 3944 488 4000 Seruim
508 3942 545 3999 od
568 3946 648 4017 ch.
661 3945 730 4000 Aen.
741 3946 796 4010 w,
807 3948 854 4002 77.
972 3952 1019 4006 52.
1041 3947 1198 4005 Heracleas
1219 3950 1242 4006 S

139 4020 259 4090 Probus,
279 4020 369 4079 codes
392 4020 508 4077 Veline:
535 4021 698 4078 Heracleas
719 4023 754 4091 P,
775 4022 945 4079 Herculeias
964 4042 1018 4101 pro.
1124 4020 1171 4082 53'.
1192 4034 1242 4082 aut

142 4094 302 4157 diomedeas
322 4099 406 4175 puS:
426 4096 513 4154 audio
533 4098 651 4155 medeas
662 4101 696 4154 P.
774 4102 820 4157 55.
843 4100 866 4155 si
885 4118 925 4156 or:
945 4111 983 4157 st.
994 4104 1027 4166 P,
1048 4102 1084 4159 sit
1094 4101 1238 4161 Pitlrocos.

141 4174 174 4229 56
184 4192 207 4233 s.
227 4176 329 4233 doctus
349 4204 388 4216 -
407 4194 479 4233 naso
498 4176 594 4233 Acron
614 4174 652 4233 od
671 4178 778 4233 Porci.
800 4194 887 4235 carm.
897 4180 957 4247 111,
969 4181 996 4247 6,
1006 4181 1055 4237 28.

141 4249 183 4307 58.
202 4264 335 4331 spectare
356 4266 384 4317 ς.
