3025 4859
617 382 764 436 SATVRA
782 383 866 436 Xllll.

182 548 279 642 longa
301 550 355 616 tibi
378 549 512 642 posthac
535 551 600 619 lato
623 550 755 620 meliore
777 551 945 633 dabuntur,

184 663 210 728 si
232 668 356 728 tantum
377 659 454 727 culti
476 661 563 729 solus
584 663 764 753 possederis
787 665 863 756 agri,

184 779 338 864 quantum
360 769 418 838 sub
441 770 535 838 Tatio
558 772 695 864 populus
716 771 882 842 Romanus
905 772 1023 841 arabat
1232 780 1293 836 160

184 906 262 951 mox
284 882 380 950 etiam
402 880 508 947 fractis
530 891 634 949 aetate
657 907 696 952 ac
717 883 837 952 Punica
859 886 960 974 passis

183 992 304 1087 proelia
327 990 379 1058 uel
401 989 538 1080 Pyrrum
559 995 720 1062 inmanem
742 994 927 1088 gladiosque
949 991 1107 1062 Molossos

183 1103 313 1172 tandem
335 1124 393 1193 pro
417 1101 524 1168 multis
546 1105 601 1170 uix
623 1107 732 1197 iugera
754 1106 828 1174 bina
851 1106 1006 1176 dabantur

183 1213 377 1283 uulneribus.
410 1236 536 1282 merces
557 1213 638 1282 baec
659 1218 821 1309 sanguinis
844 1218 948 1309 adque
969 1215 1087 1282 laboris

181 1325 276 1394 nullis
298 1325 367 1392 uisa
389 1345 541 1414 umquam
563 1328 682 1393 meritis
704 1330 806 1396 minor
828 1337 883 1396 aut
904 1331 1047 1420 ingratae
1233 1332 1293 1392 165

183 1446 273 1505 curta
294 1435 372 1504 fides
394 1436 525 1527 patriae.
559 1438 723 1506 saturabat
744 1437 873 1532 glebula
896 1437 966 1504 talis

180 1556 304 1639 patrem
325 1548 431 1639 ipsum
453 1546 643 1638 turbamque
665 1572 767 1631 casae,
790 1573 854 1640 qua
875 1551 938 1616 leta
959 1545 1084 1614 iacebat

181 1680 265 1725 uxor
287 1667 320 1725 et
340 1661 475 1726 inlantes
497 1657 649 1728 ludebant
671 1669 831 1752 quattuor,
852 1681 935 1727 unus

182 1767 324 1852 aemula,
347 1778 410 1839 tres
433 1772 565 1855 domini;
587 1773 645 1839 scd
667 1773 789 1863 magnis
811 1769 958 1836 fratribus
979 1767 1094 1836 horum
1218 1837 1230 1868 e

184 1902 203 1946 a
225 1878 338 1947 scrobe
360 1881 413 1950 uel
436 1882 526 1951 sulco
548 1882 754 1951 redeuntibus
777 1879 875 1947 altera
899 1903 978 1948 cena
1232 1891 1295 1947 170

185 1991 319 2084 amplior
341 2001 374 2058 ct
395 1993 531 2084 grandes
552 1993 716 2060 lamabant
737 1990 878 2084 pultibus
901 1989 991 2058 ollae.

183 2124 269 2170 nunc
290 2102 405 2169 modus
426 2102 479 2172 hio
501 2105 569 2196 agri
589 2112 700 2171 nostro
721 2125 787 2170 non
810 2100 926 2169 suflicit
947 2101 1051 2170 horto.

184 2213 257 2279 inde
278 2213 346 2280 lere
368 2214 527 2282 scelerum
548 2237 674 2294 causae,
695 2237 757 2282 nec
779 2211 869 2305 plura
890 2237 1016 2281 uenena

185 2325 314 2393 miscuit
335 2333 390 2392 aut
411 2326 495 2393 ferro
519 2333 680 2416 grassatur
702 2326 829 2416 saepius
851 2322 951 2392 ullum

183 2433 342 2504 humanae
363 2437 478 2502 mentis
498 2435 611 2502 uitium
633 2457 729 2525 quam
752 2457 849 2502 saeua
871 2435 986 2526 cupido
1234 2443 1295 2502 175

184 2546 333 2614 inmodici
354 2569 478 2615 census.
510 2568 586 2613 nam
607 2545 697 2611 diues
718 2546 772 2635 qui
795 2544 861 2611 lieri
883 2544 961 2624 uult,

187 2664 219 2724 et
240 2657 302 2724 cito
325 2657 394 2724 uult
415 2655 500 2722 lieri:
523 2655 580 2722 sed
603 2677 685 2744 quae
706 2657 885 2722 reuerentia
906 2654 1024 2748 legum,

186 2767 256 2858 quis
277 2775 382 2834 metus
404 2774 460 2833 aut
481 2764 585 2857 pudor
606 2774 656 2832 est
677 2788 830 2855 umquam
851 2766 1049 2858 properantis
1071 2764 1183 2833 auari?

181 2873 304 2945 “uiuite
327 2877 468 2944 contenti
491 2875 605 2942 casulis
628 2884 661 2942 et
683 2875 817 2943 collibus
839 2878 916 2957 istis,

187 2983 360 3083 opueri!”
386 2986 511 3054 Marsus
533 2985 659 3053 dicebat
682 2996 714 3053 et
736 2987 894 3055 Hernicus
918 2988 994 3055 olim
1235 3001 1295 3056 180

187 3097 402 3190 Vestinusque
424 3118 526 3166 senex
539 3091 681 3187 “panem
704 3121 895 3189 quaeramus
918 3110 1032 3182 aratro,

189 3211 243 3302 qui
263 3210 339 3276 satis
361 3217 411 3274 est
432 3209 558 3274 mensis.
593 3207 724 3275 laudant
745 3207 807 3276 hoc
829 3213 957 3278 numina
980 3213 1070 3294 ruris,

189 3344 322 3416 quorum
346 3343 407 3412 ope
430 3326 463 3384 et
484 3317 601 3384 auxilio
624 3327 733 3412 gratae
755 3328 829 3410 post
852 3345 965 3389 munus
989 3323 1103 3389 aristae

189 3433 376 3525 contingunt
394 3428 516 3498 homiui
538 3431 654 3496 ueteris
675 3429 799 3500 lastidia
821 3455 968 3521 quercus.

190 3771 257 3828 158.
277 3765 401 3847 posthac
419 3769 459 3824 P:
478 3765 638 3844 posthaec
656 3783 713 3843 pro.
798 3770 862 3826 162.
885 3767 1055 3845 gelidosque
1068 3769 1212 3828 Molossos
1227 3773 1299 3828 Sco·

190 3846 267 3922 liqer.
404 3847 470 3902 163.
491 3844 557 3901 bina
575 3860 637 3920 pro:
657 3844 724 3900 uina
744 3847 779 3902 P.
921 3849 986 3905 165.
1007 3846 1077 3903 nulli
1097 3847 1240 3906 list-arioli.

190 3933 240 3982 aut
260 3922 330 3999 Pfq:
349 3921 420 3978 baut
437 3939 469 3996 p,
488 3920 568 3978 baud
587 3939 623 3977 or.
779 3925 844 3983 168.
866 3943 939 3981 arnus
958 3941 1023 4000 pao.-
1043 3933 1072 3981 et
1093 3945 1165 3982 unus
1186 3928 1221 3982 P.

191 4004 256 4060 175.
277 4017 365 4058 caeca
379 3996 538 4057 Markland
548 3996 585 4054 ud
595 3999 672 4055 Stet.
682 3997 751 4056 silo.
764 4004 805 4067 11,
817 4007 843 4070 1,
854 4003 920 4059 214.
1000 4005 1065 4059 176.
1087 4001 1222 4059 inmodici
1242 4005 1300 4068 Ρςε

191 4077 320 4135 indomiti
341 4095 375 4133 ω.
471 4078 537 4133 178.
558 4074 661 4131 modos
681 4077 824 4135 Herelius.
923 4082 988 4136 162.
1012 4080 1060 4210 qui
1081 4097 1122 4135 ar:
1143 4080 1206 4154 quis
1226 4082 1279 4146 Ρς.

190 4156 264 4212 ruris
282 4173 344 4232 pro:
364 4153 438 4210 roris
458 4155 493 4210 P.
591 4155 657 4210 183.
678 4153 765 4213 ariste
786 4158 820 4212 P.
932 4159 997 4214 184.
1030 4156 1126 4212 romiui
1147 4159 1186 4212 P:
1206 4155 1299 4213 bomi-

191 4251 244 4290 ues
263 4251 300 4291 ω.
378 4238 492 4288 ueteres
510 4227 554 4304 sq.
