3025 4859
528 1190 647 1261 VlTAE
673 1192 709 1261 l).
737 1188 835 1260 lVNll
861 1184 1092 1259 lVVENhLlS.

336 1551 443 1620 lunius
469 1551 640 1635 quenalis,
669 1552 805 1621 libertini
832 1546 1003 1641 locupletis
1030 1548 1185 1615 incertum
1212 1546 1295 1614 lilius
1323 1569 1363 1614 sn

256 1660 420 1741 alumnus,
448 1663 486 1731 ad
508 1663 646 1732 mediam
669 1665 736 1731 lere
759 1670 898 1729 aetatem
926 1656 1117 1725 declamauit
1145 1658 1241 1725 animi
1263 1658 1365 1750 magis

227 1796 351 1843 aeausa
374 1796 470 1865 quam
493 1774 580 1865 quod
601 1772 730 1843 scholae
759 1797 794 1841 se
817 1780 871 1840 aut
892 1775 961 1837 fara
984 1776 1201 1859 praepararet,
1235 1776 1267 1835 et
1293 1768 1365 1836 dein

252 1906 429 1973 paucorum
451 1908 602 1953 uersuum
625 1894 730 1975 satyra
758 1906 822 1951 non
853 1878 989 1949 absurde
1018 1878 1194 1969 composite
1222 1881 1254 1947 in
1276 1877 1365 1947 Pari·

253 1994 326 2061 dem
348 1996 580 2085 pantomimum
597 2003 789 2087 pactamque
807 1987 1034 2063 semenstribus
1058 1985 1207 2056 militiolis
1230 1992 1365 2058 emitan·

252 2111 318 2170 tem
340 2126 442 2196 genus
464 2107 640 2196 scripturae
668 2106 821 2174 industrie
849 2100 999 2180 excoluit,
1022 2105 1055 2164 ea
1077 2106 1183 2167 tamen
1206 2100 1289 2169 bene
1311 2100 1364 2170 diu

254 2236 295 2281 na
318 2212 442 2281 modica
466 2216 595 2307 quidem
619 2217 774 2285 auditoria
788 2215 958 2309 quiequam
975 2209 1174 2277 committere
1193 2220 1242 2279 est
1257 2235 1363 2293 susus,

216 2344 331 2391 ramex
354 2346 468 2419 magna
492 2327 669 2419 frequentia
691 2336 842 2419 tantoque
871 2344 1024 2391 successu
1053 2319 1101 2387 bis
1129 2331 1184 2388 aut
1206 2332 1256 2391 ter
1277 2324 1364 2392 audi·

254 2442 305 2501 tus
329 2443 392 2515 est,
424 2444 458 2504 ut
487 2461 522 2505 ea
552 2462 680 2531 quoque
711 2460 793 2530 quae
820 2434 922 2527 prima
951 2434 1070 2501 lecerat
1090 2434 1251 2503 inferciret
1271 2435 1365 2505 nouis

253 2545 393 2636 seriptis:
419 2540 522 2638 ‘quad
544 2571 607 2616 non
631 2549 707 2616 dant
728 2568 890 2639 proceres,
914 2543 1000 2612 dabit
1021 2544 1139 2611 histria.
1164 2554 1198 2614 tu
1220 2546 1363 2616 Cameri-

253 2678 311 2721 nos
335 2663 367 2721 et
389 2653 518 2739 Bareas,
543 2666 577 2725 tu
599 2657 751 2725 nobilium
780 2680 895 2749 magna
923 2655 1000 2723 atria
1030 2652 1148 2721 auras?
1184 2659 1363 2749 praefectos

251 2764 391 2857 Pelopea
409 2768 492 2847 lacit,
514 2766 689 2836 Philomela
703 2763 865 2835 tribunos?
890 2778 956 2834 erat
981 2775 1055 2834 tune
1076 2767 1107 2835 in
1130 2765 1250 2835 deliciis
1261 2765 1362 2847 arrlae,

217 2902 241 2942 ra
255 2874 408 2966 multique
431 2878 589 2948 lautorum
612 2880 680 2948 eius
702 2879 856 2970 quottidie
878 2876 1145 2970 prouehehantur.
1176 2878 1264 2945 uenit
1284 2897 1361 2969 erga

251 2983 408 3053 luuenalis
429 2988 461 3055 in
484 2991 698 3082 suspicionem
727 2989 818 3080 quasi
842 2996 986 3080 tempora
1013 2987 1114 3081 figura
1142 2995 1295 3068 natasset,
1324 3008 1362 3053 se

251 3096 357 3163 statim
379 3120 437 3188 per
459 3097 614 3166 honorem
644 3098 773 3166 militiae
804 3121 997 3189 quamquam
1028 3099 1253 3192 octogenarius
1283 3096 1363 3165 urbe

253 3215 433 3275 summotus
457 3215 505 3273 est
527 3208 705 3299 missusque
727 3209 769 3277 ad
791 3209 1023 3300 praefecturam
1041 3208 1182 3278 cohortis
1203 3210 1235 3278 in
1258 3218 1363 3277 extre·

253 3408 275 3466 Ι.
296 3415 444 3485 tamquam
462 3406 555 3467 Praht
573 3406 662 3468 edidit
686 3408 783 3479 Vallo,
802 3412 829 3466 P
846 3412 875 3467 in
894 3404 949 3481 liras
966 3411 1124 3469 recentiora
1143 3427 1234 3467 mans
1253 3411 1362 3485 usorip·

253 3491 312 3543 tuns
332 3485 423 3543 habat.
453 3482 555 3543 habant
580 3484 643 3545 aod.
669 3484 893 3545 Alexandrinos
917 3483 984 3542 htht.
1014 3489 1107 3544 Vetto.
1129 3490 1206 3545 2020
1225 3503 1301 3544 roae.
1321 3486 1361 3557 X,

253 3562 404 3620 Parachetii
420 3560 484 3619 titt.
499 3565 655 3622 Parisinus
667 3568 745 3623 8070
757 3582 831 3622 seeo.
846 3566 902 3632 XI,
923 3566 1118 3622 Mazorineas
1137 3562 1215 3639 opud
1233 3561 1362 3622 Achaio-

253 3645 305 3708 tra,
323 3637 402 3697 aadd.
427 3642 564 3697 Vaticani
585 3645 663 3700 2810
681 3660 755 3700 soso.
777 3644 858 3700 11111
878 3640 935 3713 (ιι),
963 3638 1030 3698 Vah.
1052 3642 1110 3699 ³42
1129 3639 1183 3715 (h).
1274 3644 1304 3697 8.
1324 3638 1362 3695 li·

252 3715 325 3773 berti
338 3718 373 3773 P.
433 3717 571 3774 incertum
593 3728 637 3777 est
658 3716 682 3776 la.
741 3720 770 3777 0.
792 3738 823 3775 se
844 3735 900 3774 om.
915 3720 949 3775 P.
1009 3726 1038 3776 et
1059 3736 1114 3775 ons.
1129 3715 1201 3775 Pola.
1254 3714 1361 3775 deinde

251 3790 302 3849 Ph.
324 3792 429 3852 dehinc
449 3792 509 3851 aad.
530 3794 616 3853 Alea.
696 3801 724 3855 7.
747 3806 863 3873 poetam
885 3814 922 3852 ue
943 3793 1061 3851 Claudii
1081 3794 1208 3853 Neronis
1228 3794 1291 3852 eius
1311 3808 1359 3850 se-

249 3871 401 3928 rnestrihus
422 3872 456 3929 P.
477 3880 652 3948 pastamque
673 3873 734 3930 eius
756 3873 855 3949 (supr.
895 3871 1023 3938 leronis)
1043 3891 1072 3929 o.
1189 3871 1360 3929 emicantem

248 3950 422 4006 Heaniaias.
444 3958 598 4007 tumentem
619 3946 692 4007 Pat.
751 3954 780 4008 8.
801 3948 976 4007 industriose
997 3946 1067 4007 Pol.
1127 3950 1201 4007 hene
1221 3944 1359 4005 osnPai.

245 4032 274 4083 9.
296 4043 384 4083 ausus
403 4034 449 4083 est
468 4022 513 4082 oh.
574 4031 620 4084 10.
640 4044 804 4103 magnoque
824 4029 859 4084 P.
919 4044 954 4084 aa
973 4030 1008 4084 P.
1068 4030 1115 4085 11.
1134 4026 1229 4103 primo
1249 4024 1358 4083 Busti-

246 4102 324 4159 aios.
409 4106 456 4161 12.
476 4100 539 4171 Vll,
559 4106 599 4161 00
617 4122 676 4180 sqq.
767 4103 814 4162 14.
835 4111 895 4160 tum
914 4102 986 4163 Pol.
1078 4108 1126 4163 16.
1145 4101 1268 4180 figurate
1286 4096 1357 4158 rat.

246 4180 293 4237 18.
314 4187 359 4238 est
378 4197 434 4239 ona.
454 4181 489 4238 P.
569 4190 696 4241 extrema
715 4189 799 4261 parte
819 4182 944 4261 Aegypti
963 4184 998 4240 P.
