3025 4859
585 380 730 435 sarrai
748 380 794 433 vr.
1167 356 1243 431 233

219 548 293 617 303
316 568 383 614 cvu
398 568 541 616 carrusa
556 572 652 615 uena.
677 569 751 613 cum
767 554 858 613 extra
877 560 1057 609 mensuram
1080 538 1121 605 ad
1143 536 1244 605 ebric-

132 669 232 729 tatem
254 656 380 725 bibitur.

219 767 292 835 304.
317 788 384 835 cvu
405 789 538 835 urcrrvu
561 790 698 835 curcua.
720 787 785 833 nau
807 763 966 833 calicibus.

220 878 294 945 305.
322 897 426 943 uersa
448 897 616 946 uvceaurs.
647 878 693 945 sic
716 875 800 945 cuim
823 872 917 940 ebriis
938 869 1118 940 haminibus
1141 867 1245 935 omnia

135 988 294 1055 uidentur.
1271 998 1284 1037 ⁵

223 1096 296 1163 306.
330 1115 497 1162 mvucvc‘r
519 1117 550 1161 n.
573 1118 603 1171 a.
626 1120 651 1162 s.
685 1102 838 1165 reuocata
866 1090 994 1159 naribus
1017 1091 1128 1181 spiritu
1149 1086 1247 1155 insul-

136 1212 185 1272 tet
206 1204 302 1285 ebria,
324 1224 363 1269 ac
384 1225 443 1294 per
464 1201 527 1270 hac
548 1201 687 1271 ronches
707 1206 812 1273 ducat.

222 1314 295 1381 300.
329 1312 448 1381 Mavru
470 1309 672 1381 Pvmcrruu.
705 1311 868 1404 quomodo
896 1311 972 1378 iacit
991 1308 1103 1377 Maura
1125 1306 1247 1375 adadte-

135 1426 230 1490 rium.
329 1420 458 1490 Mavua.
479 1442 598 1490 nomen
619 1420 758 1491 mulieris
779 1421 950 1489 deridentis
972 1419 1168 1489 Pudicitiam.

221 1530 294 1597 309.
318 1553 476 1601 uocrluvs
497 1552 529 1597 u.
551 1554 581 1599 e.
604 1554 634 1598 ι..
658 1555 692 1599 u.
714 1530 800 1622 apud
823 1528 1010 1599 Pudicitiam
1032 1526 1248 1597 concumbunt
1263 1547 1287 1586 ιο

139 1648 174 1705 et
194 1641 318 1707 urinam
337 1642 466 1708 iaciunt.

226 1749 299 1817 310.
322 1771 537 1827 errroreuavu
560 1774 591 1819 u.
614 1774 644 1818 ι..
666 1776 691 1819 s.
712 1748 935 1819 iactationibus
956 1749 1059 1818 luteis.

223 1858 297 1925 311.
318 1882 359 1927 ac
382 1880 469 1926 crui
491 1883 595 1927 aesca
617 1882 805 1929 uoveurvu.
828 1868 933 1941 nocte,
954 1882 1011 1951 per
1032 1856 1149 1925 lunam.

225 1968 299 2035 312.
321 1992 397 2037 runc
413 1992 517 2038 nouas
533 1991 671 2037 auevuc.
693 1970 767 2037 iude
789 1969 829 2038 ad
851 1992 926 2037 suas
948 1970 1061 2038 domos
1083 1974 1250 2035 reuertun-

140 2090 202 2148 tur.
235 2088 270 2147 tu
302 2081 387 2147 euim
414 2102 489 2147 cum
515 2101 609 2147 mane
636 2080 845 2170 processeris,
878 2076 980 2146 lutum
1008 2075 1112 2145 calcas
1140 2078 1248 2145 uxoris
1264 2098 1288 2139 rs

140 2200 225 2258 tuae.

226 2299 299 2367 313.
327 2318 452 2366 uacuas
474 2318 610 2365 vrsvuvs
632 2320 758 2367 aurcos.
791 2319 847 2367 cos
875 2300 929 2389 qui
956 2297 997 2365 ad
1018 2298 1173 2389 tempium
1195 2320 1252 2365 ue·

141 2411 242 2477 aiunt.

226 2518 299 2585 314.
332 2540 418 2584 uara
439 2538 544 2585 nouae
565 2541 722 2586 secuerit.
759 2517 928 2610 templum,
950 2514 1003 2583 ubi
1024 2517 1153 2583 intrauit
1174 2514 1252 2583 010-

142 2632 214 2699 dius
235 2650 294 2720 pro
315 2625 453 2718 psaltria,
477 2635 605 2693 etcum
628 2650 729 2695 uxore
751 2628 908 2718 pontificis
930 2623 1111 2693 concubuit.
1178 2628 1292 2713 (aa-aa

143 2764 230 2810 caua
259 2758 476 2813 vavrauravu
503 2736 646 2822 Priuer.)
681 2738 782 2825 [rura
810 2736 950 2824 urucas]
985 2734 1029 2802 ibi
1058 2756 1132 2801 nam
1159 2735 1254 2803 saltat

141 2857 288 2920 matrona
310 2867 385 2914 cum
407 2843 490 2911 tibia.

227 2957 302 3024 316.
339 2953 461 3023 Pmarr.
498 2956 531 3023 id
559 2964 623 3037 cst,
653 2978 719 3025 aaa
744 2954 849 3025 Liberi
874 2957 972 3047 patris
998 2952 1166 3036 Bacchae,
1196 2957 1253 3023 sed

142 3069 258 3161 Priapi.

226 3176 300 3243 330.
338 3199 404 3243 avc
431 3199 513 3243 reri
543 3198 679 3246 cararia.
716 3176 891 3245 sacerdotis
918 3196 1045 3244 namen.
1084 3184 1140 3244 aut
1165 3184 1253 3245 certe
1265 3194 1290 3235 2⁵

136 3281 303 3357 ‘Saufeia'

228 3398 300 3464 321.
323 3417 464 3465 raaeuu
487 3418 604 3465 coxae.
627 3397 667 3466 ad
689 3404 852 3464 certamen
875 3395 950 3463 iacit
972 3396 1098 3463 crisare.

231 3507 303 3573 322
326 3530 396 3575 resa
416 3505 644 3575 Menvcurure.
668 3528 785 3574 nomen
808 3513 865 3572 est.
946 3526 1102 3573 revecca
1124 3529 1254 3576 carsia-

142 3747 192 3801 10.
213 3738 374 3798 Pudicitiae
395 3756 473 3796 aram
496 3740 526 3797 0.
538 3737 642 3797 Baeti.
721 3741 769 3795 12.
791 3736 853 3793 lotii
873 3735 1061 3797 Subcaucitaa.
1141 3744 1188 3801 15.
1210 3742 1254 3799 Ιο-

141 3821 215 3876 tium
235 3815 423 3875 Sebrcueiiaa.
543 3820 591 3872 20.
618 3814 719 3871 saltria
743 3816 801 3871 ΡΒ.
823 3831 897 3871 carr.
917 3832 947 3890 ρ.
1067 3821 1115 3876 25.
1137 3827 1186 3876 aut
1206 3836 1255 3877 cer

142 3892 284 3953 Saufeiae
304 3891 343 3949 ad
360 3910 391 3949 u.
412 3896 470 3951 322
488 3900 602 3968 ponuat
621 3894 679 3949 ΡΒ.
775 3895 823 3949 27.
843 3883 961 3965 ‘uittae
981 3912 1000 3950 a
1018 3894 1111 3953 Probe
1129 3888 1253 3971 ‘amaa'

142 3978 177 4029 ut
195 3972 321 4045 armaio
340 3986 433 4045 parm
452 3967 524 4026 data
543 3961 600 4025 ait.³
625 3971 657 4025 V.
750 3971 797 4025 28.
816 3960 914 4041 ‘duaa
936 3970 1027 4045 iuquit
1047 3970 1169 4039 Probae,
1188 3974 1255 4027 Me-

143 4047 261 4106 datiace
278 4044 373 4103 aedera
394 4043 511 4117 firmat
536 4052 673 4119 tempere,
697 4062 733 4102 ec
757 4043 861 4119 qraibuc
884 4062 974 4103 acam
996 4046 1113 4105 Valeria
1137 4046 1254 4105 Glcudic

141 4121 389 4277 333333.
405 4120 761 4275 3333333333
779 4122 1165 4269 33333333.3”’”3ιω
1183 4141 1254 4200 ¹''⁰'

206 4242 216 4271 r
551 4240 560 4269 r
1067 4242 1075 4258 ·
1134 4242 1141 4259 ·

260 4503 286 4545 ς,
368 4502 383 4528 O
