<?xml version="1.0" encoding="UTF-8"?>
<!DOCTYPE html PUBLIC "-//W3C//DTD XHTML 1.0 Transitional//EN"
    "http://www.w3.org/TR/xhtml1/DTD/xhtml1-transitional.dtd">
<html xmlns="http://www.w3.org/1999/xhtml" xml:lang="en" lang="en">
 <head>
  <title>
</title>
<meta http-equiv="Content-Type" content="text/html;charset=utf-8" />
  <meta name='ocr-system' content='tesseract 3.04.00' />
  <meta name='ocr-capabilities' content='ocr_page ocr_carea ocr_par ocr_line ocrx_word'/>
</head>
<body>
  <div class='ocr_page' id='page_1' title='image "./diuniiiuvenalis00jahngoog_0123.png"; bbox 0 0 3025 4859; ppageno 0'>
   <div class='ocr_carea' id='block_1_1' title="bbox 586 277 798 334">
    <p class='ocr_par' dir='ltr' id='par_1_1' title="bbox 586 277 798 334">
     <span class='ocr_line' id='line_1_1' title="bbox 586 277 798 334; baseline 0.019 -3"><span class='ocrx_word' id='word_1_1' title='bbox 586 277 733 334; x_wconf 72' lang='lat' dir='ltr'><strong>saum</strong></span> <span class='ocrx_word' id='word_1_2' title='bbox 751 279 798 334; x_wconf 80' lang='lat' dir='ltr'><strong>Vl.</strong></span> 
     </span>
    </p>
   </div>
   <div class='ocr_carea' id='block_1_2' title="bbox 124 443 1243 3293">
    <p class='ocr_par' dir='ltr' id='par_1_2' title="bbox 124 443 1243 3293">
     <span class='ocr_line' id='line_1_2' title="bbox 143 443 962 536; baseline 0.004 -22"><span class='ocrx_word' id='word_1_3' title='bbox 143 443 305 514; x_wconf 75' lang='lat' dir='ltr'><strong>subsidant</strong></span> <span class='ocrx_word' id='word_1_4' title='bbox 324 445 454 536; x_wconf 88' lang='lat' dir='ltr'><strong>pinnae,</strong></span> <span class='ocrx_word' id='word_1_5' title='bbox 477 444 564 512; x_wconf 89' lang='lat' dir='ltr'><strong>dicas</strong></span> <span class='ocrx_word' id='word_1_6' title='bbox 584 443 666 514; x_wconf 90' lang='lat' dir='ltr'><strong>haec</strong></span> <span class='ocrx_word' id='word_1_7' title='bbox 688 446 815 515; x_wconf 87' lang='lat' dir='ltr'><strong>mollius</strong></span> <span class='ocrx_word' id='word_1_8' title='bbox 837 446 962 516; x_wconf 84' lang='lat' dir='ltr'><strong>Haemo</strong></span> 
     </span>
     <span class='ocr_line' id='line_1_3' title="bbox 142 553 1176 650; baseline 0.002 -28"><span class='ocrx_word' id='word_1_9' title='bbox 142 578 334 649; x_wconf 73' lang='lat' dir='ltr'><strong>‹piamquam</strong></span> <span class='ocrx_word' id='word_1_10' title='bbox 355 563 389 622; x_wconf 92' lang='lat' dir='ltr'><strong>et</strong></span> <span class='ocrx_word' id='word_1_11' title='bbox 409 553 633 648; x_wconf 83' lang='lat' dir='ltr'>Carpophoro,</span> <span class='ocrx_word' id='word_1_12' title='bbox 656 559 754 625; x_wconf 82' lang='lat' dir='ltr'><strong>lacios</strong></span> <span class='ocrx_word' id='word_1_13' title='bbox 777 565 832 624; x_wconf 89' lang='lat' dir='ltr'><strong>tua</strong></span> <span class='ocrx_word' id='word_1_14' title='bbox 853 567 1007 650; x_wconf 90' lang='lat' dir='ltr'><strong>conputat</strong></span> <span class='ocrx_word' id='word_1_15' title='bbox 1028 577 1138 624; x_wconf 88' lang='lat' dir='ltr'><strong>annos.</strong></span> <span class='ocrx_word' id='word_1_16' title='bbox 1174 590 1176 594; x_wconf 95' lang='lat'>·</span> 
     </span>
     <span class='ocr_line' id='line_1_4' title="bbox 224 663 1243 760; baseline -0.001 -27"><span class='ocrx_word' id='word_1_17' title='bbox 224 665 261 733; x_wconf 83' lang='lat' dir='ltr'><strong>si</strong></span> <span class='ocrx_word' id='word_1_18' title='bbox 281 665 337 732; x_wconf 89' lang='lat' dir='ltr'><strong>tibi</strong></span> <span class='ocrx_word' id='word_1_19' title='bbox 357 663 506 757; x_wconf 79' lang='lat' dir='ltr'><strong>legitimis</strong></span> <span class='ocrx_word' id='word_1_20' title='bbox 527 675 655 757; x_wconf 88' lang='lat' dir='ltr'><strong>pactam</strong></span> <span class='ocrx_word' id='word_1_21' title='bbox 676 668 881 760; x_wconf 88' lang='lat' dir='ltr'><strong>iunctamque</strong></span> <span class='ocrx_word' id='word_1_22' title='bbox 903 665 1027 734; x_wconf 88' lang='lat' dir='ltr'><strong>tabellis</strong></span> <span class='ocrx_word' id='word_1_23' title='bbox 1178 677 1243 734; x_wconf 84' lang='lat'><strong>200</strong></span> 
     </span>
     <span class='ocr_line' id='line_1_5' title="bbox 138 775 871 857; baseline 0.003 -12"><span class='ocrx_word' id='word_1_24' title='bbox 138 800 202 845; x_wconf 91' lang='lat' dir='ltr'><strong>non</strong></span> <span class='ocrx_word' id='word_1_25' title='bbox 224 798 260 843; x_wconf 89' lang='lat' dir='ltr'><strong>es</strong></span> <span class='ocrx_word' id='word_1_26' title='bbox 282 784 458 857; x_wconf 86' lang='lat' dir='ltr'><strong>amaturus,</strong></span> <span class='ocrx_word' id='word_1_27' title='bbox 480 775 614 844; x_wconf 88' lang='lat' dir='ltr'><strong>ducendi</strong></span> <span class='ocrx_word' id='word_1_28' title='bbox 636 777 722 845; x_wconf 93' lang='lat' dir='ltr'><strong>nulla</strong></span> <span class='ocrx_word' id='word_1_29' title='bbox 744 779 871 847; x_wconf 86' lang='lat' dir='ltr'><strong>uidetur</strong></span> 
     </span>
     <span class='ocr_line' id='line_1_6' title="bbox 139 888 1049 982; baseline -0.002 -26"><span class='ocrx_word' id='word_1_30' title='bbox 139 910 247 968; x_wconf 89' lang='lat' dir='ltr'><strong>causa,</strong></span> <span class='ocrx_word' id='word_1_31' title='bbox 269 908 331 953; x_wconf 87' lang='lat' dir='ltr'><strong>nec</strong></span> <span class='ocrx_word' id='word_1_32' title='bbox 353 893 402 951; x_wconf 86' lang='lat' dir='ltr'><strong>est</strong></span> <span class='ocrx_word' id='word_1_33' title='bbox 423 909 522 976; x_wconf 87' lang='lat' dir='ltr'><strong>quare</strong></span> <span class='ocrx_word' id='word_1_34' title='bbox 545 909 657 954; x_wconf 89' lang='lat' dir='ltr'><strong>cenam</strong></span> <span class='ocrx_word' id='word_1_35' title='bbox 680 898 712 955; x_wconf 88' lang='lat' dir='ltr'><strong>et</strong></span> <span class='ocrx_word' id='word_1_36' title='bbox 734 898 898 957; x_wconf 87' lang='lat' dir='ltr'><strong>mustacea</strong></span> <span class='ocrx_word' id='word_1_37' title='bbox 919 888 1049 982; x_wconf 85' lang='lat' dir='ltr'>perdas,</span> 
     </span>
     <span class='ocr_line' id='line_1_7' title="bbox 136 993 898 1079; baseline 0 -14"><span class='ocrx_word' id='word_1_38' title='bbox 136 997 263 1065; x_wconf 85' lang='lat' dir='ltr'><strong>labente</strong></span> <span class='ocrx_word' id='word_1_39' title='bbox 286 993 389 1063; x_wconf 85' lang='lat' dir='ltr'><strong>officio</strong></span> <span class='ocrx_word' id='word_1_40' title='bbox 412 994 519 1062; x_wconf 84' lang='lat' dir='ltr'><strong>crudis</strong></span> <span class='ocrx_word' id='word_1_41' title='bbox 541 997 702 1079; x_wconf 89' lang='lat' dir='ltr'><strong>donanda,</strong></span> <span class='ocrx_word' id='word_1_42' title='bbox 723 1022 784 1067; x_wconf 83' lang='lat' dir='ltr'><strong>neo</strong></span> <span class='ocrx_word' id='word_1_43' title='bbox 805 997 898 1078; x_wconf 87' lang='lat' dir='ltr'><strong>illud,</strong></span> 
     </span>
     <span class='ocr_line' id='line_1_8' title="bbox 135 1106 999 1200; baseline 0 -26"><span class='ocrx_word' id='word_1_44' title='bbox 135 1107 222 1200; x_wconf 86' lang='lat' dir='ltr'><strong>qood</strong></span> <span class='ocrx_word' id='word_1_45' title='bbox 244 1109 347 1199; x_wconf 70' lang='lat' dir='ltr'><strong>plima</strong></span> <span class='ocrx_word' id='word_1_46' title='bbox 367 1131 426 1199; x_wconf 84' lang='lat' dir='ltr'><strong>pro</strong></span> <span class='ocrx_word' id='word_1_47' title='bbox 447 1115 542 1175; x_wconf 91' lang='lat' dir='ltr'><strong>nocte</strong></span> <span class='ocrx_word' id='word_1_48' title='bbox 565 1106 672 1190; x_wconf 87' lang='lat' dir='ltr'><strong>datur,</strong></span> <span class='ocrx_word' id='word_1_49' title='bbox 696 1131 770 1178; x_wconf 88' lang='lat' dir='ltr'><strong>cum</strong></span> <span class='ocrx_word' id='word_1_50' title='bbox 791 1107 883 1177; x_wconf 88' lang='lat' dir='ltr'><strong>lance</strong></span> <span class='ocrx_word' id='word_1_51' title='bbox 905 1107 999 1176; x_wconf 89' lang='lat' dir='ltr'><strong>beata</strong></span> 
     </span>
     <span class='ocr_line' id='line_1_9' title="bbox 133 1215 1238 1310; baseline -0.004 -26"><span class='ocrx_word' id='word_1_52' title='bbox 133 1215 275 1284; x_wconf 81' lang='lat' dir='ltr'><strong>Dacicus</strong></span> <span class='ocrx_word' id='word_1_53' title='bbox 299 1226 331 1285; x_wconf 90' lang='lat' dir='ltr'><strong>ct</strong></span> <span class='ocrx_word' id='word_1_54' title='bbox 352 1221 471 1310; x_wconf 82' lang='lat' dir='ltr'><strong>scripto</strong></span> <span class='ocrx_word' id='word_1_55' title='bbox 493 1218 596 1284; x_wconf 83' lang='lat' dir='ltr'><strong>radiat</strong></span> <span class='ocrx_word' id='word_1_56' title='bbox 617 1217 827 1286; x_wconf 87' lang='lat' dir='ltr'><strong>Germanicus</strong></span> <span class='ocrx_word' id='word_1_57' title='bbox 849 1239 937 1286; x_wconf 82' lang='lat' dir='ltr'><strong>auro.</strong></span> <span class='ocrx_word' id='word_1_58' title='bbox 1175 1222 1238 1282; x_wconf 85' lang='lat'><strong>205</strong></span> 
     </span>
     <span class='ocr_line' id='line_1_10' title="bbox 135 1325 817 1420; baseline 0.001 -27"><span class='ocrx_word' id='word_1_59' title='bbox 135 1329 163 1393; x_wconf 91' lang='lat' dir='ltr'><strong>si</strong></span> <span class='ocrx_word' id='word_1_60' title='bbox 182 1325 238 1392; x_wconf 92' lang='lat' dir='ltr'><strong>tibi</strong></span> <span class='ocrx_word' id='word_1_61' title='bbox 260 1327 444 1420; x_wconf 77' lang='lat' dir='ltr'><strong>simplicitas</strong></span> <span class='ocrx_word' id='word_1_62' title='bbox 466 1330 592 1408; x_wconf 84' lang='lat' dir='ltr'><strong>uxoria,</strong></span> <span class='ocrx_word' id='word_1_63' title='bbox 615 1328 740 1396; x_wconf 89' lang='lat' dir='ltr'><strong>deditus</strong></span> <span class='ocrx_word' id='word_1_64' title='bbox 762 1329 817 1395; x_wconf 90' lang='lat' dir='ltr'><strong>uni</strong></span> 
     </span>
     <span class='ocr_line' id='line_1_11' title="bbox 136 1437 927 1531; baseline 0 -27"><span class='ocrx_word' id='word_1_65' title='bbox 136 1446 184 1504; x_wconf 93' lang='lat' dir='ltr'><strong>est</strong></span> <span class='ocrx_word' id='word_1_66' title='bbox 205 1437 342 1518; x_wconf 89' lang='lat' dir='ltr'><strong>animus,</strong></span> <span class='ocrx_word' id='word_1_67' title='bbox 366 1440 527 1505; x_wconf 88' lang='lat' dir='ltr'><strong>summitte</strong></span> <span class='ocrx_word' id='word_1_68' title='bbox 548 1448 645 1530; x_wconf 86' lang='lat' dir='ltr'><strong>caput</strong></span> <span class='ocrx_word' id='word_1_69' title='bbox 667 1440 794 1506; x_wconf 86' lang='lat' dir='ltr'><strong>ceruice</strong></span> <span class='ocrx_word' id='word_1_70' title='bbox 815 1445 927 1531; x_wconf 86' lang='lat' dir='ltr'><strong>parata</strong></span> 
     </span>
     <span class='ocr_line' id='line_1_12' title="bbox 130 1546 1060 1639; baseline -0.002 -24"><span class='ocrx_word' id='word_1_71' title='bbox 130 1549 215 1615; x_wconf 82' lang='lat' dir='ltr'><strong>ferre</strong></span> <span class='ocrx_word' id='word_1_72' title='bbox 236 1548 362 1639; x_wconf 82' lang='lat' dir='ltr'><strong>iugum:</strong></span> <span class='ocrx_word' id='word_1_73' title='bbox 384 1547 505 1615; x_wconf 90' lang='lat' dir='ltr'><strong>nullam</strong></span> <span class='ocrx_word' id='word_1_74' title='bbox 526 1550 669 1616; x_wconf 86' lang='lat' dir='ltr'><strong>inuenies</strong></span> <span class='ocrx_word' id='word_1_75' title='bbox 691 1571 774 1639; x_wconf 87' lang='lat' dir='ltr'><strong>quoe</strong></span> <span class='ocrx_word' id='word_1_76' title='bbox 797 1556 906 1639; x_wconf 84' lang='lat' dir='ltr'><strong>parcat</strong></span> <span class='ocrx_word' id='word_1_77' title='bbox 927 1546 1060 1630; x_wconf 82' lang='lat' dir='ltr'><strong>amanti3</strong></span> 
     </span>
     <span class='ocr_line' id='line_1_13' title="bbox 131 1657 932 1752; baseline -0.002 -28"><span class='ocrx_word' id='word_1_78' title='bbox 131 1659 242 1726; x_wconf 84' lang='lat' dir='ltr'><strong>ardeat</strong></span> <span class='ocrx_word' id='word_1_79' title='bbox 265 1659 334 1750; x_wconf 90' lang='lat' dir='ltr'><strong>ipsa</strong></span> <span class='ocrx_word' id='word_1_80' title='bbox 357 1658 447 1740; x_wconf 86' lang='lat' dir='ltr'><strong>licet,</strong></span> <span class='ocrx_word' id='word_1_81' title='bbox 467 1659 635 1726; x_wconf 85' lang='lat' dir='ltr'><strong>tormentis</strong></span> <span class='ocrx_word' id='word_1_82' title='bbox 656 1660 777 1752; x_wconf 80' lang='lat' dir='ltr'><strong>gaudet</strong></span> <span class='ocrx_word' id='word_1_83' title='bbox 799 1657 932 1724; x_wconf 84' lang='lat' dir='ltr'><strong>amantis</strong></span> 
     </span>
     <span class='ocr_line' id='line_1_14' title="bbox 133 1766 1238 1862; baseline -0.003 -26"><span class='ocrx_word' id='word_1_84' title='bbox 133 1779 167 1836; x_wconf 90' lang='lat' dir='ltr'><strong>et</strong></span> <span class='ocrx_word' id='word_1_85' title='bbox 186 1768 305 1861; x_wconf 89' lang='lat' dir='ltr'><strong>spoliis.</strong></span> <span class='ocrx_word' id='word_1_86' title='bbox 336 1770 432 1862; x_wconf 82' lang='lat' dir='ltr'><strong>igitur</strong></span> <span class='ocrx_word' id='word_1_87' title='bbox 453 1767 550 1860; x_wconf 86' lang='lat' dir='ltr'><strong>longe</strong></span> <span class='ocrx_word' id='word_1_88' title='bbox 572 1769 677 1838; x_wconf 89' lang='lat' dir='ltr'><strong>minos</strong></span> <span class='ocrx_word' id='word_1_89' title='bbox 700 1768 785 1836; x_wconf 89' lang='lat' dir='ltr'><strong>utilis</strong></span> <span class='ocrx_word' id='word_1_90' title='bbox 806 1766 850 1834; x_wconf 92' lang='lat' dir='ltr'><strong>illi</strong></span> <span class='ocrx_word' id='word_1_91' title='bbox 1173 1777 1238 1834; x_wconf 85' lang='lat'><strong>210</strong></span> 
     </span>
     <span class='ocr_line' id='line_1_15' title="bbox 132 1877 1007 1972; baseline -0.008 -24"><span class='ocrx_word' id='word_1_92' title='bbox 132 1902 228 1962; x_wconf 83' lang='lat' dir='ltr'><strong>uxor,</strong></span> <span class='ocrx_word' id='word_1_93' title='bbox 251 1881 393 1972; x_wconf 88' lang='lat' dir='ltr'><strong>quisquis</strong></span> <span class='ocrx_word' id='word_1_94' title='bbox 417 1881 476 1947; x_wconf 81' lang='lat' dir='ltr'><strong>erit</strong></span> <span class='ocrx_word' id='word_1_95' title='bbox 496 1879 598 1947; x_wconf 88' lang='lat' dir='ltr'><strong>bonus</strong></span> <span class='ocrx_word' id='word_1_96' title='bbox 622 1880 844 1972; x_wconf 88' lang='lat' dir='ltr'><strong>optandusque</strong></span> <span class='ocrx_word' id='word_1_97' title='bbox 866 1877 1007 1944; x_wconf 81' lang='lat' dir='ltr'><strong>mantus.</strong></span> 
     </span>
     <span class='ocr_line' id='line_1_16' title="bbox 130 1988 941 2082; baseline -0.006 -24"><span class='ocrx_word' id='word_1_98' title='bbox 130 1989 175 2058; x_wconf 94' lang='lat' dir='ltr'><strong>nil</strong></span> <span class='ocrx_word' id='word_1_99' title='bbox 195 2012 349 2081; x_wconf 89' lang='lat' dir='ltr'><strong>umquam</strong></span> <span class='ocrx_word' id='word_1_100' title='bbox 369 1990 468 2056; x_wconf 88' lang='lat' dir='ltr'><strong>inuita</strong></span> <span class='ocrx_word' id='word_1_101' title='bbox 492 1989 623 2057; x_wconf 89' lang='lat' dir='ltr'><strong>donabis</strong></span> <span class='ocrx_word' id='word_1_102' title='bbox 646 1991 796 2082; x_wconf 82' lang='lat' dir='ltr'><strong>coniuge,</strong></span> <span class='ocrx_word' id='word_1_103' title='bbox 821 1988 941 2056; x_wconf 81' lang='lat' dir='ltr'>nendos</span> 
     </span>
     <span class='ocr_line' id='line_1_17' title="bbox 129 2097 1021 2190; baseline -0.003 -23"><span class='ocrx_word' id='word_1_104' title='bbox 129 2099 191 2168; x_wconf 90' lang='lat' dir='ltr'><strong>hac</strong></span> <span class='ocrx_word' id='word_1_105' title='bbox 212 2107 360 2190; x_wconf 75' lang='lat' dir='ltr'><strong>opstante</strong></span> <span class='ocrx_word' id='word_1_106' title='bbox 381 2098 472 2179; x_wconf 88' lang='lat' dir='ltr'><strong>nihil,</strong></span> <span class='ocrx_word' id='word_1_107' title='bbox 495 2099 585 2182; x_wconf 87' lang='lat' dir='ltr'><strong>nihil,</strong></span> <span class='ocrx_word' id='word_1_108' title='bbox 607 2100 687 2168; x_wconf 85' lang='lat' dir='ltr'><strong>haec</strong></span> <span class='ocrx_word' id='word_1_109' title='bbox 709 2100 736 2164; x_wconf 86' lang='lat' dir='ltr'><strong>si</strong></span> <span class='ocrx_word' id='word_1_110' title='bbox 757 2097 858 2179; x_wconf 89' lang='lat' dir='ltr'><strong>nolet,</strong></span> <span class='ocrx_word' id='word_1_111' title='bbox 882 2105 1021 2180; x_wconf 84' lang='lat' dir='ltr'><strong>emetur3</strong></span> 
     </span>
     <span class='ocr_line' id='line_1_18' title="bbox 130 2207 921 2292; baseline -0.004 -15"><span class='ocrx_word' id='word_1_112' title='bbox 130 2208 211 2277; x_wconf 85' lang='lat' dir='ltr'><strong>haec</strong></span> <span class='ocrx_word' id='word_1_113' title='bbox 233 2207 320 2277; x_wconf 91' lang='lat' dir='ltr'><strong>dabit</strong></span> <span class='ocrx_word' id='word_1_114' title='bbox 341 2210 490 2292; x_wconf 83' lang='lat' dir='ltr'><strong>affectus,</strong></span> <span class='ocrx_word' id='word_1_115' title='bbox 511 2209 565 2276; x_wconf 89' lang='lat' dir='ltr'><strong>ille</strong></span> <span class='ocrx_word' id='word_1_116' title='bbox 587 2208 778 2278; x_wconf 84' lang='lat' dir='ltr'><strong>excludatur</strong></span> <span class='ocrx_word' id='word_1_117' title='bbox 800 2210 921 2275; x_wconf 88' lang='lat' dir='ltr'><strong>amicus</strong></span> 
     </span>
     <span class='ocr_line' id='line_1_19' title="bbox 129 2318 1235 2402; baseline -0.004 -14"><span class='ocrx_word' id='word_1_118' title='bbox 129 2321 192 2388; x_wconf 91' lang='lat' dir='ltr'><strong>iam</strong></span> <span class='ocrx_word' id='word_1_119' title='bbox 213 2320 333 2402; x_wconf 83' lang='lat' dir='ltr'><strong>senior,</strong></span> <span class='ocrx_word' id='word_1_120' title='bbox 357 2321 448 2387; x_wconf 89' lang='lat' dir='ltr'><strong>cuius</strong></span> <span class='ocrx_word' id='word_1_121' title='bbox 470 2318 602 2386; x_wconf 84' lang='lat' dir='ltr'><strong>barbam</strong></span> <span class='ocrx_word' id='word_1_122' title='bbox 623 2329 679 2386; x_wconf 91' lang='lat' dir='ltr'><strong>tua</strong></span> <span class='ocrx_word' id='word_1_123' title='bbox 700 2321 795 2386; x_wconf 91' lang='lat' dir='ltr'><strong>ianua</strong></span> <span class='ocrx_word' id='word_1_124' title='bbox 818 2320 905 2386; x_wconf 76' lang='lat' dir='ltr'><strong>uidit.</strong></span> <span class='ocrx_word' id='word_1_125' title='bbox 1171 2325 1235 2384; x_wconf 81' lang='lat'><strong>215</strong></span> 
     </span>
     <span class='ocr_line' id='line_1_20' title="bbox 129 2427 884 2520; baseline -0.001 -23"><span class='ocrx_word' id='word_1_126' title='bbox 129 2429 268 2497; x_wconf 83' lang='lat' dir='ltr'><strong>testandi</strong></span> <span class='ocrx_word' id='word_1_127' title='bbox 289 2451 364 2495; x_wconf 88' lang='lat' dir='ltr'><strong>cum</strong></span> <span class='ocrx_word' id='word_1_128' title='bbox 385 2430 426 2494; x_wconf 93' lang='lat' dir='ltr'><strong>sit</strong></span> <span class='ocrx_word' id='word_1_129' title='bbox 447 2427 614 2496; x_wconf 88' lang='lat' dir='ltr'><strong>lenonibus</strong></span> <span class='ocrx_word' id='word_1_130' title='bbox 637 2428 741 2520; x_wconf 89' lang='lat' dir='ltr'><strong>adque</strong></span> <span class='ocrx_word' id='word_1_131' title='bbox 763 2429 884 2496; x_wconf 89' lang='lat' dir='ltr'><strong>lanistis</strong></span> 
     </span>
     <span class='ocr_line' id='line_1_21' title="bbox 129 2537 876 2632; baseline -0.005 -25"><span class='ocrx_word' id='word_1_132' title='bbox 129 2540 258 2609; x_wconf 86' lang='lat' dir='ltr'><strong>libertas</strong></span> <span class='ocrx_word' id='word_1_133' title='bbox 281 2546 313 2605; x_wconf 89' lang='lat' dir='ltr'><strong>et</strong></span> <span class='ocrx_word' id='word_1_134' title='bbox 333 2537 411 2604; x_wconf 85' lang='lat' dir='ltr'><strong>iuris</strong></span> <span class='ocrx_word' id='word_1_135' title='bbox 432 2537 518 2605; x_wconf 90' lang='lat' dir='ltr'><strong>idem</strong></span> <span class='ocrx_word' id='word_1_136' title='bbox 540 2540 704 2632; x_wconf 85' lang='lat' dir='ltr'><strong>contingat</strong></span> <span class='ocrx_word' id='word_1_137' title='bbox 723 2539 876 2620; x_wconf 85' lang='lat' dir='ltr'><strong>harenae,</strong></span> 
     </span>
     <span class='ocr_line' id='line_1_22' title="bbox 128 2647 817 2718; baseline -0.006 0"><span class='ocrx_word' id='word_1_138' title='bbox 128 2673 194 2718; x_wconf 89' lang='lat' dir='ltr'><strong>non</strong></span> <span class='ocrx_word' id='word_1_139' title='bbox 213 2671 297 2717; x_wconf 89' lang='lat' dir='ltr'><strong>unus</strong></span> <span class='ocrx_word' id='word_1_140' title='bbox 319 2647 376 2714; x_wconf 91' lang='lat' dir='ltr'><strong>tibi</strong></span> <span class='ocrx_word' id='word_1_141' title='bbox 396 2648 504 2716; x_wconf 85' lang='lat' dir='ltr'><strong>riualis</strong></span> <span class='ocrx_word' id='word_1_142' title='bbox 525 2649 693 2717; x_wconf 83' lang='lat' dir='ltr'><strong>dictabitur</strong></span> <span class='ocrx_word' id='word_1_143' title='bbox 714 2647 817 2715; x_wconf 88' lang='lat' dir='ltr'><strong>heres.</strong></span> 
     </span>
     <span class='ocr_line' id='line_1_23' title="bbox 127 2754 1083 2852; baseline -0.002 -26"><span class='ocrx_word' id='word_1_144' title='bbox 127 2754 239 2852; x_wconf 83' lang='lat' dir='ltr'><strong>“pone</strong></span> <span class='ocrx_word' id='word_1_145' title='bbox 261 2779 390 2826; x_wconf 85' lang='lat' dir='ltr'><strong>crucem</strong></span> <span class='ocrx_word' id='word_1_146' title='bbox 413 2754 538 2826; x_wconf 64' lang='lat' dir='ltr'><strong>seruo?³</strong></span> <span class='ocrx_word' id='word_1_147' title='bbox 568 2755 710 2826; x_wconf 83' lang='lat' dir='ltr'><strong>“meruit</strong></span> <span class='ocrx_word' id='word_1_148' title='bbox 731 2780 795 2850; x_wconf 91' lang='lat' dir='ltr'><strong>quo</strong></span> <span class='ocrx_word' id='word_1_149' title='bbox 818 2758 948 2826; x_wconf 86' lang='lat' dir='ltr'><strong>crimine</strong></span> <span class='ocrx_word' id='word_1_150' title='bbox 970 2778 1083 2824; x_wconf 87' lang='lat' dir='ltr'><strong>seruus</strong></span> 
     </span>
     <span class='ocr_line' id='line_1_24' title="bbox 129 2864 1236 2962; baseline -0.004 -24"><span class='ocrx_word' id='word_1_151' title='bbox 129 2864 348 2962; x_wconf 80' lang='lat' dir='ltr'><strong>supplicium?</strong></span> <span class='ocrx_word' id='word_1_152' title='bbox 378 2869 448 2959; x_wconf 84' lang='lat' dir='ltr'><strong>quis</strong></span> <span class='ocrx_word' id='word_1_153' title='bbox 469 2870 561 2936; x_wconf 87' lang='lat' dir='ltr'><strong>testis</strong></span> <span class='ocrx_word' id='word_1_154' title='bbox 583 2866 696 2936; x_wconf 84' lang='lat' dir='ltr'><strong>adest?</strong></span> <span class='ocrx_word' id='word_1_155' title='bbox 724 2871 795 2960; x_wconf 89' lang='lat' dir='ltr'><strong>quis</strong></span> <span class='ocrx_word' id='word_1_156' title='bbox 817 2865 951 2936; x_wconf 83' lang='lat' dir='ltr'><strong>detulit?</strong></span> <span class='ocrx_word' id='word_1_157' title='bbox 979 2869 1067 2948; x_wconf 89' lang='lat' dir='ltr'><strong>audi,</strong></span> <span class='ocrx_word' id='word_1_158' title='bbox 1173 2879 1236 2935; x_wconf 87' lang='grc'><strong>220</strong></span> 
     </span>
     <span class='ocr_line' id='line_1_25' title="bbox 128 2971 1138 3072; baseline -0.004 -24"><span class='ocrx_word' id='word_1_159' title='bbox 128 2979 215 3048; x_wconf 89' lang='lat' dir='ltr'><strong>nulla</strong></span> <span class='ocrx_word' id='word_1_160' title='bbox 237 3002 390 3070; x_wconf 90' lang='lat' dir='ltr'><strong>umquam</strong></span> <span class='ocrx_word' id='word_1_161' title='bbox 414 2980 454 3047; x_wconf 88' lang='lat' dir='ltr'><strong>de</strong></span> <span class='ocrx_word' id='word_1_162' title='bbox 475 2988 580 3047; x_wconf 84' lang='lat' dir='ltr'><strong>morte</strong></span> <span class='ocrx_word' id='word_1_163' title='bbox 600 2977 736 3046; x_wconf 92' lang='lat' dir='ltr'><strong>hominis</strong></span> <span class='ocrx_word' id='word_1_164' title='bbox 760 2981 919 3047; x_wconf 88' lang='lat' dir='ltr'><strong>cunctatio</strong></span> <span class='ocrx_word' id='word_1_165' title='bbox 941 2979 1038 3072; x_wconf 85' lang='lat' dir='ltr'><strong>longa</strong></span> <span class='ocrx_word' id='word_1_166' title='bbox 1061 2971 1138 3046; x_wconf 85' lang='lat' dir='ltr'><strong>est.”</strong></span> 
     </span>
     <span class='ocr_line' id='line_1_26' title="bbox 124 3084 1079 3171; baseline -0.001 -13"><span class='ocrx_word' id='word_1_167' title='bbox 124 3084 169 3158; x_wconf 85' lang='lat' dir='ltr'><strong>“o</strong></span> <span class='ocrx_word' id='word_1_168' title='bbox 192 3089 340 3171; x_wconf 86' lang='lat' dir='ltr'><strong>demens,</strong></span> <span class='ocrx_word' id='word_1_169' title='bbox 362 3090 406 3157; x_wconf 89' lang='lat' dir='ltr'><strong>ita</strong></span> <span class='ocrx_word' id='word_1_170' title='bbox 427 3113 541 3158; x_wconf 83' lang='lat' dir='ltr'><strong>seruus</strong></span> <span class='ocrx_word' id='word_1_171' title='bbox 562 3089 660 3157; x_wconf 91' lang='lat' dir='ltr'><strong>homo</strong></span> <span class='ocrx_word' id='word_1_172' title='bbox 683 3087 754 3158; x_wconf 82' lang='lat' dir='ltr'><strong>est?</strong></span> <span class='ocrx_word' id='word_1_173' title='bbox 781 3089 825 3157; x_wconf 90' lang='lat' dir='ltr'><strong>nil</strong></span> <span class='ocrx_word' id='word_1_174' title='bbox 846 3092 971 3171; x_wconf 77' lang='lat' dir='ltr'><strong>leceiit,</strong></span> <span class='ocrx_word' id='word_1_175' title='bbox 994 3099 1079 3159; x_wconf 88' lang='lat' dir='ltr'><strong>esto:</strong></span> 
     </span>
     <span class='ocr_line' id='line_1_27' title="bbox 127 3195 991 3293; baseline -0.001 -25"><span class='ocrx_word' id='word_1_176' title='bbox 127 3200 190 3268; x_wconf 90' lang='lat' dir='ltr'><strong>hoc</strong></span> <span class='ocrx_word' id='word_1_177' title='bbox 211 3198 303 3282; x_wconf 90' lang='lat' dir='ltr'><strong>uolo,</strong></span> <span class='ocrx_word' id='word_1_178' title='bbox 326 3200 371 3267; x_wconf 87' lang='lat' dir='ltr'><strong>sic</strong></span> <span class='ocrx_word' id='word_1_179' title='bbox 392 3199 504 3284; x_wconf 91' lang='lat' dir='ltr'><strong>iubeo,</strong></span> <span class='ocrx_word' id='word_1_180' title='bbox 526 3202 567 3267; x_wconf 87' lang='lat' dir='ltr'><strong>sit</strong></span> <span class='ocrx_word' id='word_1_181' title='bbox 587 3223 645 3293; x_wconf 85' lang='lat' dir='ltr'><strong>pro</strong></span> <span class='ocrx_word' id='word_1_182' title='bbox 667 3202 791 3267; x_wconf 84' lang='lat' dir='ltr'><strong>ratione</strong></span> <span class='ocrx_word' id='word_1_183' title='bbox 812 3195 991 3268; x_wconf 67' lang='lat' dir='ltr'><strong>uoluntas?³</strong></span> 
     </span>
    </p>
   </div>
   <div class='ocr_carea' id='block_1_3' title="bbox 128 3413 1236 4185">
    <p class='ocr_par' dir='ltr' id='par_1_3' title="bbox 128 3413 1236 4104">
     <span class='ocr_line' id='line_1_28' title="bbox 128 3413 1225 3494; baseline -0.003 -18"><span class='ocrx_word' id='word_1_184' title='bbox 128 3420 194 3476; x_wconf 98' lang='grc'><strong>198.</strong></span> <span class='ocrx_word' id='word_1_185' title='bbox 214 3413 387 3494; x_wconf 73' lang='lat' dir='ltr'><strong>pinnaesft</strong></span> <span class='ocrx_word' id='word_1_186' title='bbox 404 3433 518 3493; x_wconf 88' lang='lat' dir='ltr'><strong>pennae</strong></span> <span class='ocrx_word' id='word_1_187' title='bbox 533 3419 594 3473; x_wconf 71' lang='lat' dir='ltr'><strong>Po).</strong></span> <span class='ocrx_word' id='word_1_188' title='bbox 673 3435 754 3475; x_wconf 81' lang='lat' dir='ltr'><strong>nemo</strong></span> <span class='ocrx_word' id='word_1_189' title='bbox 769 3419 804 3473; x_wconf 99' lang='lat' dir='ltr'><strong>P.</strong></span> <span class='ocrx_word' id='word_1_190' title='bbox 883 3415 949 3474; x_wconf 86' lang='grc'><strong>199.</strong></span> <span class='ocrx_word' id='word_1_191' title='bbox 971 3413 1078 3489; x_wconf 80' lang='lat' dir='ltr'><strong>carpho</strong></span> <span class='ocrx_word' id='word_1_192' title='bbox 1102 3431 1153 3470; x_wconf 82' lang='lat' dir='ltr'><strong>oro</strong></span> <span class='ocrx_word' id='word_1_193' title='bbox 1167 3416 1225 3473; x_wconf 68' lang='grc' dir='ltr'><strong>ΡΒ.</strong></span> 
     </span>
     <span class='ocr_line' id='line_1_29' title="bbox 129 3489 1225 3642; baseline 0 -16"><span class='ocrx_word' id='word_1_194' title='bbox 129 3490 606 3626; x_wconf 61' lang='lat' dir='ltr'><strong>⁶⁰⁰⁹·ldll&#39;b....².⁰itlll.t⁶lt</strong></span> <span class='ocrx_word' id='word_1_195' title='bbox 619 3490 960 3642; x_wconf 62' lang='lat' dir='ltr'><strong>ttt’tttttflt..</strong></span> <span class='ocrx_word' id='word_1_196' title='bbox 974 3493 1046 3625; x_wconf 63' lang='lat'><strong>3⁰3·</strong></span> <span class='ocrx_word' id='word_1_197' title='bbox 1062 3489 1225 3626; x_wconf 66' lang='lat' dir='ltr'><strong>..utta</strong></span> 
     </span>
     <span class='ocr_line' id='line_1_30' title="bbox 128 3583 1234 3724; baseline 0 -20"><span class='ocrx_word' id='word_1_198' title='bbox 128 3583 257 3724; x_wconf 59' lang='lat' dir='ltr'><strong>bwtldsq.</strong></span> <span class='ocrx_word' id='word_1_199' title='bbox 341 3649 406 3702; x_wconf 85' lang='grc'><strong>207.</strong></span> <span class='ocrx_word' id='word_1_200' title='bbox 427 3648 452 3703; x_wconf 83' lang='lat' dir='ltr'><strong>si</strong></span> <span class='ocrx_word' id='word_1_201' title='bbox 472 3657 517 3703; x_wconf 85' lang='lat' dir='ltr'><strong>est</strong></span> <span class='ocrx_word' id='word_1_202' title='bbox 536 3610 639 3704; x_wconf 78' lang='lat' dir='ltr'><strong>Iacobo</strong></span> <span class='ocrx_word' id='word_1_203' title='bbox 659 3613 920 3719; x_wconf 70' lang='lat' dir='ltr'><strong>(Motlbtaanitso.</strong></span> <span class='ocrx_word' id='word_1_204' title='bbox 932 3586 1074 3720; x_wconf 53' lang='lat' dir='ltr'><strong>pattls‘p.</strong></span> <span class='ocrx_word' id='word_1_205' title='bbox 1086 3608 1149 3720; x_wconf 54' lang='lat'><strong>825.</strong></span> <span class='ocrx_word' id='word_1_206' title='bbox 1225 3605 1234 3627; x_wconf 35' lang='grc' dir='ltr'><em>Ο</em></span> 
     </span>
     <span class='ocr_line' id='line_1_31' title="bbox 130 3724 1158 3798; baseline -0.003 -17"><span class='ocrx_word' id='word_1_207' title='bbox 130 3725 272 3781; x_wconf 83' lang='lat' dir='ltr'><strong>summitte</strong></span> <span class='ocrx_word' id='word_1_208' title='bbox 289 3739 352 3798; x_wconf 79' lang='lat' dir='ltr'><strong>pm:</strong></span> <span class='ocrx_word' id='word_1_209' title='bbox 371 3725 535 3781; x_wconf 83' lang='lat' dir='ltr'><strong>summittite</strong></span> <span class='ocrx_word' id='word_1_210' title='bbox 555 3727 590 3780; x_wconf 89' lang='lat' dir='ltr'><strong>P.</strong></span> <span class='ocrx_word' id='word_1_211' title='bbox 678 3727 745 3781; x_wconf 89' lang='grc'><strong>208.</strong></span> <span class='ocrx_word' id='word_1_212' title='bbox 767 3724 873 3779; x_wconf 79' lang='lat' dir='ltr'><strong>atnanti</strong></span> <span class='ocrx_word' id='word_1_213' title='bbox 891 3739 953 3798; x_wconf 78' lang='lat' dir='ltr'><strong>po:</strong></span> <span class='ocrx_word' id='word_1_214' title='bbox 973 3731 1102 3778; x_wconf 84' lang='lat' dir='ltr'><strong>amantes</strong></span> <span class='ocrx_word' id='word_1_215' title='bbox 1123 3725 1158 3779; x_wconf 95' lang='lat' dir='ltr'><strong>P.</strong></span> 
     </span>
     <span class='ocr_line' id='line_1_32' title="bbox 130 3797 1235 3882; baseline -0.005 -24"><span class='ocrx_word' id='word_1_216' title='bbox 130 3804 195 3858; x_wconf 83' lang='grc'><strong>213.</strong></span> <span class='ocrx_word' id='word_1_217' title='bbox 211 3809 346 3879; x_wconf 79' lang='lat' dir='ltr'><strong>opstante</strong></span> <span class='ocrx_word' id='word_1_218' title='bbox 358 3802 416 3857; x_wconf 71' lang='grc' dir='ltr'><strong>ΡΒ.</strong></span> <span class='ocrx_word' id='word_1_219' title='bbox 480 3800 559 3857; x_wconf 86' lang='lat' dir='ltr'><strong>nolet</strong></span> <span class='ocrx_word' id='word_1_220' title='bbox 570 3809 680 3857; x_wconf 87' lang='lat' dir='ltr'><strong>emetur</strong></span> <span class='ocrx_word' id='word_1_221' title='bbox 694 3799 795 3866; x_wconf 65' lang='lat' dir='ltr'><strong>atnoe:</strong></span> <span class='ocrx_word' id='word_1_222' title='bbox 811 3799 888 3882; x_wconf 80' lang='lat' dir='ltr'><strong>nolle</strong></span> <span class='ocrx_word' id='word_1_223' title='bbox 903 3806 1025 3856; x_wconf 82' lang='lat' dir='ltr'><strong>temetor</strong></span> <span class='ocrx_word' id='word_1_224' title='bbox 1034 3802 1069 3855; x_wconf 92' lang='lat' dir='ltr'><strong>P.</strong></span> <span class='ocrx_word' id='word_1_225' title='bbox 1091 3798 1180 3855; x_wconf 91' lang='lat' dir='ltr'><strong>nollet</strong></span> <span class='ocrx_word' id='word_1_226' title='bbox 1192 3797 1235 3871; x_wconf 70' lang='grc' dir='ltr'><strong>Ῑς,</strong></span> 
     </span>
     <span class='ocr_line' id='line_1_33' title="bbox 131 3875 1225 3954; baseline -0.001 -21"><span class='ocrx_word' id='word_1_227' title='bbox 131 3878 212 3934; x_wconf 91' lang='lat' dir='ltr'><strong>nollit</strong></span> <span class='ocrx_word' id='word_1_228' title='bbox 221 3895 251 3954; x_wconf 87' lang='lat' dir='ltr'><strong>p,</strong></span> <span class='ocrx_word' id='word_1_229' title='bbox 272 3877 344 3932; x_wconf 90' lang='lat' dir='ltr'><strong>nolit</strong></span> <span class='ocrx_word' id='word_1_230' title='bbox 356 3875 410 3934; x_wconf 79' lang='lat' dir='ltr'><strong>deo.</strong></span> <span class='ocrx_word' id='word_1_231' title='bbox 469 3878 536 3934; x_wconf 87' lang='grc'><strong>214.</strong></span> <span class='ocrx_word' id='word_1_232' title='bbox 554 3876 603 3934; x_wconf 86' lang='lat' dir='ltr'><strong>ille</strong></span> <span class='ocrx_word' id='word_1_233' title='bbox 616 3877 738 3933; x_wconf 85' lang='lat' dir='ltr'><strong>-uidit</strong></span> <span class='ocrx_word' id='word_1_234' title='bbox 751 3879 873 3934; x_wconf 77' lang='lat' dir='ltr'><strong>Samios</strong></span> <span class='ocrx_word' id='word_1_235' title='bbox 883 3875 1225 3949; x_wconf 79' lang='lat' dir='ltr'><strong>odVarp.Aea.Xl,537.</strong></span> 
     </span>
     <span class='ocr_line' id='line_1_34' title="bbox 130 3951 1236 4028; baseline 0 -18"><span class='ocrx_word' id='word_1_236' title='bbox 130 3955 298 4012; x_wconf 77' lang='lat' dir='ltr'><strong>excludetur</strong></span> <span class='ocrx_word' id='word_1_237' title='bbox 318 3971 346 4020; x_wconf 89' lang='grc' dir='ltr'><strong>ς.</strong></span> <span class='ocrx_word' id='word_1_238' title='bbox 424 3957 491 4012; x_wconf 88' lang='grc'><strong>218.</strong></span> <span class='ocrx_word' id='word_1_239' title='bbox 512 3953 649 4011; x_wconf 79' lang='lat' dir='ltr'><strong>ditabitur</strong></span> <span class='ocrx_word' id='word_1_240' title='bbox 668 3953 728 4012; x_wconf 85' lang='lat' dir='ltr'><strong>cod.</strong></span> <span class='ocrx_word' id='word_1_241' title='bbox 744 3955 944 4012; x_wconf 75' lang='lat' dir='ltr'><strong>Vbtaortenato.</strong></span> <span class='ocrx_word' id='word_1_242' title='bbox 1022 3955 1089 4009; x_wconf 84' lang='lat'><strong>220.</strong></span> <span class='ocrx_word' id='word_1_243' title='bbox 1111 3952 1160 4028; x_wconf 91' lang='lat' dir='ltr'><strong>qui</strong></span> <span class='ocrx_word' id='word_1_244' title='bbox 1181 3951 1236 4010; x_wconf 86' lang='lat' dir='ltr'><strong>de-</strong></span> 
     </span>
     <span class='ocr_line' id='line_1_35' title="bbox 129 4030 1119 4104; baseline -0.002 -17"><span class='ocrx_word' id='word_1_245' title='bbox 129 4031 192 4088; x_wconf 85' lang='lat' dir='ltr'><strong>tulit</strong></span> <span class='ocrx_word' id='word_1_246' title='bbox 209 4030 253 4104; x_wconf 67' lang='grc' dir='ltr'><strong>[ς.</strong></span> <span class='ocrx_word' id='word_1_247' title='bbox 369 4036 436 4093; x_wconf 90' lang='grc'><strong>221.</strong></span> <span class='ocrx_word' id='word_1_248' title='bbox 457 4030 529 4089; x_wconf 88' lang='lat' dir='ltr'><strong>nolli</strong></span> <span class='ocrx_word' id='word_1_249' title='bbox 543 4034 584 4088; x_wconf 87' lang='lat' dir='ltr'><strong>N.</strong></span> <span class='ocrx_word' id='word_1_250' title='bbox 595 4033 733 4088; x_wconf 79' lang='lat' dir='ltr'><strong>Hatastas</strong></span> <span class='ocrx_word' id='word_1_251' title='bbox 748 4031 786 4088; x_wconf 85' lang='lat' dir='ltr'><strong>ad</strong></span> <span class='ocrx_word' id='word_1_252' title='bbox 797 4030 882 4089; x_wconf 74' lang='lat' dir='ltr'><strong>uota.</strong></span> <span class='ocrx_word' id='word_1_253' title='bbox 893 4037 959 4088; x_wconf 77' lang='lat' dir='ltr'><strong>enat.</strong></span> <span class='ocrx_word' id='word_1_254' title='bbox 973 4033 1042 4099; x_wconf 81' lang='lat' dir='ltr'><strong>Vll,</strong></span> <span class='ocrx_word' id='word_1_255' title='bbox 1052 4030 1119 4087; x_wconf 78' lang='grc'><strong>453.</strong></span> 
     </span>
    </p>

    <p class='ocr_par' dir='ltr' id='par_1_4' title="bbox 129 4105 813 4185">
     <span class='ocr_line' id='line_1_36' title="bbox 129 4105 813 4185; baseline 0 -20"><span class='ocrx_word' id='word_1_256' title='bbox 129 4111 193 4167; x_wconf 92' lang='grc'><strong>222.</strong></span> <span class='ocrx_word' id='word_1_257' title='bbox 213 4107 321 4168; x_wconf 77' lang='lat' dir='ltr'><strong>feceris</strong></span> <span class='ocrx_word' id='word_1_258' title='bbox 339 4105 441 4185; x_wconf 64' lang='lat' dir='ltr'><strong>abdpc.</strong></span> <span class='ocrx_word' id='word_1_259' title='bbox 539 4111 606 4168; x_wconf 80' lang='grc'><strong>223.</strong></span> <span class='ocrx_word' id='word_1_260' title='bbox 627 4107 678 4166; x_wconf 85' lang='lat' dir='ltr'><strong>Sic</strong></span> <span class='ocrx_word' id='word_1_261' title='bbox 697 4107 764 4164; x_wconf 87' lang='lat' dir='ltr'><strong>uolo</strong></span> <span class='ocrx_word' id='word_1_262' title='bbox 785 4125 813 4176; x_wconf 89' lang='grc' dir='ltr'><strong>ς.</strong></span> 
     </span>
    </p>
   </div>
   <div class='ocr_carea' id='block_1_4' title="bbox 0 0 1518 4859">
    <p class='ocr_par' dir='ltr' id='par_1_5' title="bbox 0 0 1518 4859">
     <span class='ocr_line' id='line_1_37' title="bbox 0 0 1518 4859; baseline 0 1"><span class='ocrx_word' id='word_1_263' title='bbox 0 0 1518 4859; x_wconf 95' lang='lat' dir='ltr'><strong> </strong></span> 
     </span>
    </p>
   </div>
  </div>
 </body>
</html>
