3025 4859
243 362 292 439 92
623 374 976 433 mrvuurvvnnmrs

241 548 323 617 inter
343 548 480 616 maiores
501 549 669 643 ipsumque
690 546 882 617 Promethea
903 567 1020 639 ponas,

243 656 284 727 de
305 680 510 751 quocumque
532 656 622 727 uoles
644 679 802 750 proauum
823 656 879 725 tibi
901 656 1017 724 sumito
1037 655 1128 726 libro.

242 769 330 861 quod
351 769 378 835 si
399 768 605 862 praecipitem
628 769 710 862 rapit
730 768 860 836 ambitio
882 766 985 861 adque
1007 766 1118 850 libido,

243 880 271 947 si
291 880 410 973 frangis
431 880 538 973 uirgas
560 880 721 949 sociorum
742 881 775 948 in
797 879 964 973 sanguine,
987 878 1014 946 si
1035 888 1068 947 te

243 988 403 1059 delectant
423 990 556 1060 hebetes
577 987 663 1057 lasso
685 989 798 1059 lictore
820 1012 964 1072 secures,

243 1100 352 1193 incipit
373 1101 515 1193 ipsorum
537 1110 648 1169 contra
670 1109 703 1169 te
724 1110 810 1170 stare
831 1110 1000 1197 parentum

243 1211 390 1281 nobilitas
412 1210 596 1305 claramque
617 1215 721 1281 lacem
742 1216 905 1306 praeferre
926 1214 1093 1309 pudendis.

245 1346 341 1394 omne
362 1324 458 1392 animi
480 1324 592 1393 uitium
613 1330 702 1392 tanto
724 1326 927 1419 conspectius
948 1327 981 1395 io
1003 1347 1039 1393 se

245 1438 365 1506 crimen
387 1434 498 1516 habet,
520 1444 640 1527 quanto
663 1437 764 1503 maior
785 1438 840 1529 qui
861 1444 976 1531 peccat
997 1434 1140 1505 habetur.

245 1569 310 1643 quo
332 1546 408 1615 mihi
430 1554 462 1614 te
484 1544 613 1615 solitum
635 1544 729 1615 falsas
751 1548 878 1639 signare
900 1547 1032 1616 tabellas

246 1660 279 1729 in
301 1656 427 1752 templis
450 1680 533 1751 quac
556 1659 630 1725 iecit
652 1680 732 1727 auus
754 1666 958 1753 statuamque
980 1660 1119 1751 parentis

244 1778 319 1838 ante
341 1764 588 1861 triumphalem?
614 1790 695 1861 quo,
718 1771 745 1837 si
765 1777 941 1838 nocturnus
963 1769 1087 1839 adulter

245 1888 391 1973 tempora
412 1878 586 1948 Santonico
609 1877 699 1948 uelas
721 1879 875 1973 adoperta
897 1878 1048 1950 cucullo?

330 1990 462 2059 Praeter
482 1990 639 2059 maiorum
661 1992 786 2058 cineres
807 1991 913 2083 adque
934 2013 1007 2061 ossa
1029 1992 1154 2062 uolucri

245 2110 397 2195 carpento
419 2102 540 2193 rapitur
561 2103 688 2195 pinguis
709 2098 901 2186 Lateranus,
925 2105 1060 2196 etipse,

243 2216 314 2307 ipse
335 2221 439 2281 rotam
461 2213 607 2307 astringit
627 2211 729 2281 mudto
751 2214 930 2283 sufflamine
951 2213 1079 2296 consul,

245 2334 341 2396 nocte
364 2324 508 2419 quidem,
530 2325 588 2393 sed
609 2322 686 2393 luna
707 2324 809 2409 uidet,
831 2326 890 2395 sed
911 2326 1015 2395 sidera
1036 2334 1136 2397 testes

245 2437 412 2507 intendunt
433 2434 554 2505 oculos.
589 2434 711 2505 linitum
732 2444 860 2530 tempus
881 2436 1011 2505 honoris

245 2572 321 2620 cum
343 2548 452 2631 fuerit,
474 2546 559 2617 clara
579 2544 757 2617 Lateranus
779 2548 853 2617 luce
873 2548 1037 2643 flagellum

246 2670 353 2729 sumet
374 2667 407 2727 et
428 2680 599 2729 occursum
620 2682 781 2754 nusquam
801 2660 972 2753 trepidabit
991 2659 1085 2728 amici

244 2774 309 2840 iarn
331 2773 430 2853 senis,
452 2792 491 2839 ac
511 2774 602 2863 uirga
624 2771 711 2863 prior
732 2780 852 2840 annuet
872 2772 977 2865 adque
998 2769 1154 2865 maniplos

245 2882 351 2952 soluet
373 2892 405 2953 et
425 2881 570 2951 infundet
590 2882 739 2950 iumentis
761 2881 882 2951 hordea
897 2880 998 2951 lassis.

245 2995 366 3065 interea
388 2994 465 3061 dum
486 2991 608 3060 lanatas
631 2992 810 3087 robumque
832 2995 1004 3062 iuuencum

246 3128 338 3176 more
359 3104 486 3174 Numae
508 3102 613 3171 caedit
633 3100 717 3173 Iouis
739 3112 814 3173 ante
836 3104 961 3186 altaria,
980 3105 1065 3173 iurat

234 3216 350 3286 solam
374 3213 521 3309 Eponam
542 3222 575 3283 et
596 3214 694 3284 facies
716 3213 801 3284 olida
822 3215 863 3284 ad
884 3217 1052 3310 praesepia
1071 3215 1183 3311 pictas

246 3450 314 3507 133.
335 3464 427 3525 ponas
446 3444 511 3514 bor:
531 3462 637 3525 poenas
658 3448 693 3516 Ρ,
712 3447 817 3522 pingas
836 3443 979 3523 podfqbco.
1057 3449 1124 3506 135.
1145 3446 1267 3505 ambitus
1288 3464 1316 3515 ς.

247 3528 315 3583 139.
336 3524 466 3601 preferre
487 3528 522 3581 P.
604 3522 749 3602 pudendis
769 3542 830 3599 porr
851 3522 974 3601 puendis
995 3527 1029 3583 Ρ.
1108 3526 1355 3601 110.1aotopor:

246 3612 328 3659 tanta
348 3605 382 3661 Ρ.
468 3604 524 3659 142
544 3604 689 3659 Priscian.
699 3604 819 3672 XVIII,
830 3605 878 3670 30,
888 3606 944 3661 292
956 3620 986 3677 ρ.
998 3606 1084 3660 1208.
1175 3603 1290 3678 signare
1310 3614 1356 3659 ta·

246 3678 339 3737 bellas
358 3697 402 3755 par
423 3681 582 3737 mesenus
607 3678 807 3753 signanbellas
827 3683 862 3737 P.
984 3682 1050 3737 147.
1075 3680 1238 3737 Lateranus
1258 3679 1358 3755 Papa:

246 3756 443 3835 Damasippus
462 3774 508 3833 pur
524 3750 706 3813 ‘Lateranus
726 3758 790 3816 siue
809 3750 1016 3835 Damasippus'
1038 3756 1127 3815 solsol.
1143 3760 1209 3815 167.
1230 3749 1356 3814 ‘Dama-

247 3836 348 3911 sippus
369 3827 490 3891 scilicet'
512 3833 601 3892 sobal.
614 3836 680 3892 ms.
763 3838 830 3893 151.
852 3833 997 3891 lateranus
1016 3838 1073 3910 1²9:
1093 3834 1289 3912 Damasippus
1309 3852 1343 3891 or.

247 3917 314 3972 152.
336 3929 476 3986 nusquam
494 3908 561 3983 dfgc
580 3928 734 3987 numquam
749 3915 812 3969 Pru.
892 3912 957 3969 151.
978 3912 1068 3970 ordea
1087 3910 1148 3988 [μς.
1220 3915 1287 3971 155.
1307 3930 1356 3969 ro·

246 3990 372 4066 bamque
387 3990 425 4045 Sc
445 3992 604 4066 rubumque
622 3986 668 4062 qb,
690 3990 870 4067 probumque
888 3986 913 4061 f,
934 3998 1104 4065 toruumque
1124 3993 1185 4057 Por,
1200 3982 1357 4047 ‘uetustis-

247 4063 523 4125 contradebatur
537 4083 693 4141 rursusque
708 4061 873 4123 iuuencum³
892 4066 991 4125 Vallo.
1060 4071 1127 4127 157.
1142 4066 1275 4145 Eponam
1286 4065 1356 4142 ssd?

247 4174 259 4202 s
282 4162 366 4201 onam
380 4148 414 4213 P,
434 4162 559 4223 yponam
578 4140 684 4220 phedro,
702 4142 819 4223 ipooam
838 4144 904 4214 otte,
924 4144 1060 4224 tripouam
1080 4161 1108 4212 ς.
1187 4142 1279 4202 facies
1297 4163 1357 4223 pu:

262 4221 339 4281 acies
357 4224 393 4279 P.
