3025 4859
275 378 350 455 116
653 392 688 445 o.
707 390 796 447 mnu
814 388 1009 445 rrvouams

275 560 355 629 haec
378 560 491 627 cadem
513 558 639 642 Peleus,
660 569 788 653 raptum
811 580 885 627 cum
907 558 996 652 luget
1018 553 1185 636 Achillem,

275 672 379 762 adque
402 670 490 751 alius,
514 673 565 739 cui
587 673 634 738 las
655 669 798 739 Ithacum
820 669 932 762 lugere
954 676 1125 736 natantem.

273 782 425 851 incolumi
447 779 543 847 Troia
564 778 709 848 Priamus
731 783 873 848 uenisset
895 781 935 848 ad
957 778 1086 847 umbras

275 893 431 971 Assaraci,
453 892 576 984 magnis
598 890 813 973 sollemnibus,
835 892 976 959 Hectore
999 893 1093 958 funus

273 1012 419 1095 portante
443 1025 480 1070 ac
502 1000 631 1094 reliquis
654 1005 785 1070 lratrum
807 1001 985 1070 ceruicibus
1006 1002 1090 1067 inter

173 1182 176 1189 ,
273 1111 405 1180 lliadum
428 1111 584 1193 lacrimas,
607 1120 643 1179 ut
664 1115 784 1205 primos
808 1114 903 1180 edere
925 1111 1071 1203 planctus

275 1222 456 1290 Cassandra
479 1222 632 1314 inciperet
654 1225 816 1315 scissaque
839 1222 1003 1312 Polyxena
1026 1218 1119 1313 palla,

275 1335 302 1400 si
324 1334 407 1400 loret
429 1334 604 1400 exstinctus
628 1334 753 1403 diuerso
778 1344 931 1426 tempore,
954 1353 1017 1424 quo
1039 1352 1104 1397 non

275 1453 426 1537 coeperat
447 1444 586 1512 audaces
608 1442 696 1511 Paris
719 1444 884 1511 aedificare
906 1444 1038 1511 carinas.
1121 1498 1127 1505 .

272 1554 369 1648 longa
392 1555 457 1623 dies
479 1556 573 1648 igitur
595 1556 670 1647 quid
693 1552 848 1623 contulit?
870 1553 975 1620 omnia
997 1550 1075 1618 uidit

274 1689 385 1733 euersa
408 1674 440 1733 et
459 1664 593 1733 flammis
615 1667 724 1733 Asiam
746 1666 895 1756 ferroque
917 1662 1092 1731 cadentem.

272 1784 348 1845 tunc
371 1774 461 1842 miles
484 1774 639 1842 tremulus
660 1777 764 1867 posita
787 1774 859 1842 tulit
879 1796 966 1840 arma
988 1773 1068 1839 tiara

272 1894 305 1954 ct
326 1887 388 1953 ruit
410 1893 483 1953 ante
505 1908 591 1952 aram
613 1888 727 1953 summi
748 1883 842 1965 louis,
864 1892 901 1950 ut
919 1881 1045 1950 uetulus
1067 1881 1135 1965 bos,

272 1996 327 2089 qui
347 1995 467 2062 domini
489 1994 597 2063 cultris
618 2004 714 2063 tenue
737 2004 771 2063 et
792 1992 970 2062 miserabile
992 1991 1111 2061 collum

271 2103 403 2199 praebet
425 2104 464 2172 ab
487 2106 610 2199 ingrato
632 2108 695 2175 iam
718 2106 874 2173 fastiditus
897 2112 1011 2171 aratro.

272 2217 376 2285 exitus
398 2215 452 2285 itte
472 2226 646 2308 utcumque
666 2215 812 2297 hominis,
834 2216 891 2282 sed
913 2223 1005 2282 torua
1028 2214 1140 2282 canino

270 2326 397 2395 latrauit
418 2330 509 2411 rictu,
532 2348 613 2419 quae
635 2335 709 2418 post
729 2325 815 2394 buno
836 2327 970 2406 uixerat,
993 2346 1084 2391 uxor.

269 2439 383 2506 festino
406 2438 595 2507 adnostros
618 2446 650 2505 et
671 2460 782 2529 regem
802 2446 927 2505 transeo
950 2434 1044 2503 Ponti

271 2556 304 2616 et
326 2548 495 2631 Croesum,
518 2573 614 2641 quem
637 2570 704 2615 uox
725 2549 798 2615 iusti
822 2548 956 2616 facunda
979 2545 1108 2614 Solonis

267 2659 427 2749 respicere
449 2659 490 2726 ad
512 2658 627 2750 longae
648 2660 739 2726 iussit
761 2661 860 2750 spatia
882 2658 992 2725 ultima
1014 2660 1108 2725 uitae.

268 2766 398 2835 exilium
420 2778 453 2836 et
474 2791 585 2837 carcer
606 2768 902 2863 Minturnarumque
923 2767 1055 2860 paludes

267 2887 301 2945 et
321 2878 519 2947 mendicatus
541 2881 626 2947 uicta
648 2878 841 2971 Carthagine
863 2881 953 2971 panis

265 2986 339 3056 hinc
362 3012 474 3057 causas
495 2987 644 3057 habuere.
677 2991 752 3080 quid
774 2988 828 3056 illo
852 2991 923 3056 ciue
945 2988 1068 3060 tulisset

264 3106 377 3167 natura
398 3100 430 3167 in
453 3100 553 3179 terris,
574 3100 650 3190 quid
671 3099 775 3168 Roma
797 3099 919 3167 beatius
941 3124 1102 3194 umquam,

262 3210 289 3278 si
312 3209 529 3278 circumducto
552 3210 751 3301 captiuorum
772 3210 898 3302 agmine
920 3218 953 3277 et
974 3216 1060 3281 omni

262 3318 420 3389 bellorum
442 3341 559 3411 pompa
582 3320 720 3386 animam
743 3318 925 3390 exhalasset
946 3325 1094 3414 opimam,

262 3452 337 3499 cum
360 3430 399 3497 de
421 3429 598 3497 Teutonico
621 3428 720 3497 uellet
740 3431 936 3499 descendere
958 3432 1078 3501 curru?

259 3672 326 3730 258.
347 3669 482 3729 incolumi
502 3674 541 3728 P:
560 3670 694 3729 incolomi
714 3670 761 3748 pf.
842 3678 910 3734 259.
930 3673 1066 3734 haectore
1087 3676 1139 3735 Pd.
1222 3685 1289 3741 263.
1309 3702 1368 3760 quo

258 3766 317 3805 non
336 3750 375 3805 P:
416 3768 452 3804 uo
473 3748 528 3805 iam
550 3767 584 3805 ru.
673 3754 739 3806 266.
761 3751 990 3809 et—cadentera
1011 3754 1367 3835 &mieceslaum

256 3828 282 3893 l,
294 3828 321 3882 1.
341 3766 430 3882 istil.
441 3826 520 3883 Stat.
534 3824 641 3883 Aaou.
652 3830 728 3893 ΠΗ,
739 3830 805 3885 277.
962 3833 1029 3887 274.
1050 3832 1118 3888 iusti
1138 3852 1222 3909 quem
1243 3855 1298 3894 uox
1319 3838 1368 3895 sa·

257 3900 352 3959 cunda
371 3898 431 3971 dfe.
532 3902 599 3959 iusti
618 3902 745 3959 facunda
764 3921 823 3979 pm:
843 3903 1024 3964 laetificanda
1043 3909 1078 3966 P.
1100 3927 1157 3967 uox
1177 3930 1243 3969 mox
1262 3914 1365 3971 iustifi-

256 3976 351 4035 caada
369 3976 612 4054 euopPlthoeae.
704 3978 821 4038 Salonis
840 3980 899 4049 boc.
996 3987 1064 4041 276.
1086 3986 1209 4061 paludes
1227 4008 1288 4066 pto:
1308 4010 1364 4069 pa·

253 4053 329 4111 ludia
349 4056 385 4111 P.
514 4056 572 4113 278
583 4073 627 4132 oq.
648 4055 851 4130 quid-tern's
871 4060 1015 4117 Punctum
1029 4064 1324 4142 v11,13,68p.766.

253 4132 312 4189 280
323 4147 367 4208 eq.
388 4130 594 4209 et-opimam
614 4134 760 4191 Priscian.
769 4136 825 4208 XI,
837 4142 864 4203 9,
878 4140 916 4193 33
929 4141 1031 4211 noas.
1147 4144 1205 4200 282
1217 4160 1260 4218 eq.
1273 4144 1362 4206 achal.

252 4207 369 4266 boemo
377 4210 403 4283 1,
413 4210 481 4267 258.
561 4209 706 4267 teutonico
724 4228 785 4285 pm:
804 4213 944 4271 testonico
964 4215 1000 4288 P,
1020 4216 1222 4290 teo-toaleas.
