<?xml version="1.0" encoding="UTF-8"?>
<!DOCTYPE html PUBLIC "-//W3C//DTD XHTML 1.0 Transitional//EN"
    "http://www.w3.org/TR/xhtml1/DTD/xhtml1-transitional.dtd">
<html xmlns="http://www.w3.org/1999/xhtml" xml:lang="en" lang="en">
 <head>
  <title>
</title>
<meta http-equiv="Content-Type" content="text/html;charset=utf-8" />
  <meta name='ocr-system' content='tesseract 3.04.00' />
  <meta name='ocr-capabilities' content='ocr_page ocr_carea ocr_par ocr_line ocrx_word'/>
</head>
<body>
  <div class='ocr_page' id='page_1' title='image "./diuniiiuvenalis00jahngoog_0168.png"; bbox 0 0 3025 4859; ppageno 0'>
   <div class='ocr_carea' id='block_1_1' title="bbox 232 361 961 435">
    <p class='ocr_par' dir='ltr' id='par_1_1' title="bbox 232 361 961 435">
     <span class='ocr_line' id='line_1_1' title="bbox 232 361 961 435; baseline -0.016 0"><span class='ocrx_word' id='word_1_1' title='bbox 232 361 283 435; x_wconf 85' lang='grc'><strong>78</strong></span> <span class='ocrx_word' id='word_1_2' title='bbox 605 371 961 430; x_wconf 79' lang='lat' dir='ltr'><strong>urvuunvaurms</strong></span> 
     </span>
    </p>
   </div>
   <div class='ocr_carea' id='block_1_2' title="bbox 230 533 1339 1078">
    <p class='ocr_par' dir='ltr' id='par_1_2' title="bbox 231 533 1145 633">
     <span class='ocr_line' id='line_1_2' title="bbox 231 533 1145 633; baseline -0.009 -23"><span class='ocrx_word' id='word_1_3' title='bbox 231 542 370 611; x_wconf 83' lang='lat' dir='ltr'><strong>lontibus</strong></span> <span class='ocrx_word' id='word_1_4' title='bbox 391 543 559 612; x_wconf 86' lang='lat' dir='ltr'><strong>Aonidum.</strong></span> <span class='ocrx_word' id='word_1_5' title='bbox 588 542 800 633; x_wconf 87' lang='lat' dir='ltr'><strong>nequeenim</strong></span> <span class='ocrx_word' id='word_1_6' title='bbox 822 548 949 608; x_wconf 79' lang='lat' dir='ltr'><strong>suntme</strong></span> <span class='ocrx_word' id='word_1_7' title='bbox 972 533 1030 604; x_wconf 87' lang='lat' dir='ltr'><strong>sub</strong></span> <span class='ocrx_word' id='word_1_8' title='bbox 1053 543 1145 604; x_wconf 88' lang='lat' dir='ltr'><strong>antro</strong></span> 
     </span>
    </p>

    <p class='ocr_par' dir='ltr' id='par_1_3' title="bbox 230 652 1339 857">
     <span class='ocr_line' id='line_1_3' title="bbox 230 652 1339 745; baseline -0.01 -24"><span class='ocrx_word' id='word_1_9' title='bbox 230 652 334 721; x_wconf 90' lang='lat' dir='ltr'><strong>Pierio</strong></span> <span class='ocrx_word' id='word_1_10' title='bbox 357 653 565 745; x_wconf 79' lang='lat' dir='ltr'><strong>thyrsumque</strong></span> <span class='ocrx_word' id='word_1_11' title='bbox 586 661 694 745; x_wconf 88' lang='lat' dir='ltr'><strong>potest</strong></span> <span class='ocrx_word' id='word_1_12' title='bbox 715 653 899 743; x_wconf 86' lang='lat' dir='ltr'><strong>contingere</strong></span> <span class='ocrx_word' id='word_1_13' title='bbox 921 670 999 716; x_wconf 90' lang='lat' dir='ltr'><strong>sana</strong></span> <span class='ocrx_word' id='word_1_14' title='bbox 1297 656 1339 711; x_wconf 86' lang='grc'><strong>60</strong></span> 
     </span>
     <span class='ocr_line' id='line_1_4' title="bbox 230 758 1102 857; baseline -0.01 -25"><span class='ocrx_word' id='word_1_15' title='bbox 230 775 401 857; x_wconf 79' lang='lat' dir='ltr'>paupertas</span> <span class='ocrx_word' id='word_1_16' title='bbox 424 765 528 856; x_wconf 92' lang='lat' dir='ltr'><strong>adque</strong></span> <span class='ocrx_word' id='word_1_17' title='bbox 550 765 632 831; x_wconf 91' lang='lat' dir='ltr'><strong>aeris</strong></span> <span class='ocrx_word' id='word_1_18' title='bbox 654 763 760 844; x_wconf 89' lang='lat' dir='ltr'><strong>inobs,</strong></span> <span class='ocrx_word' id='word_1_19' title='bbox 784 783 847 853; x_wconf 92' lang='lat' dir='ltr'><strong>quo</strong></span> <span class='ocrx_word' id='word_1_20' title='bbox 869 768 965 828; x_wconf 91' lang='lat' dir='ltr'><strong>nocte</strong></span> <span class='ocrx_word' id='word_1_21' title='bbox 987 758 1102 848; x_wconf 88' lang='lat' dir='ltr'><strong>dieque</strong></span> 
     </span>
    </p>

    <p class='ocr_par' dir='ltr' id='par_1_4' title="bbox 231 860 1206 968">
     <span class='ocr_line' id='line_1_5' title="bbox 231 860 1206 968; baseline -0.011 -26"><span class='ocrx_word' id='word_1_22' title='bbox 231 896 348 967; x_wconf 84' lang='lat' dir='ltr'><strong>corpus</strong></span> <span class='ocrx_word' id='word_1_23' title='bbox 371 884 453 968; x_wconf 87' lang='lat' dir='ltr'><strong>eget.</strong></span> <span class='ocrx_word' id='word_1_24' title='bbox 481 884 569 942; x_wconf 89' lang='lat' dir='ltr'><strong>satur</strong></span> <span class='ocrx_word' id='word_1_25' title='bbox 590 884 653 956; x_wconf 85' lang='lat' dir='ltr'><strong>est,</strong></span> <span class='ocrx_word' id='word_1_26' title='bbox 676 897 749 941; x_wconf 90' lang='lat' dir='ltr'><strong>cum</strong></span> <span class='ocrx_word' id='word_1_27' title='bbox 773 873 849 940; x_wconf 88' lang='lat' dir='ltr'><strong>dicit</strong></span> <span class='ocrx_word' id='word_1_28' title='bbox 868 870 1020 938; x_wconf 81' lang='lat' dir='ltr'><strong>Horatius</strong></span> <span class='ocrx_word' id='word_1_29' title='bbox 1037 860 1206 938; x_wconf 73' lang='lat' dir='ltr'><strong>“echert&#39;&#39;</strong></span> 
     </span>
    </p>

    <p class='ocr_par' dir='ltr' id='par_1_5' title="bbox 231 977 1047 1078">
     <span class='ocr_line' id='line_1_6' title="bbox 231 977 1047 1078; baseline -0.005 -26"><span class='ocrx_word' id='word_1_30' title='bbox 231 987 285 1076; x_wconf 90' lang='lat' dir='ltr'><strong>qui</strong></span> <span class='ocrx_word' id='word_1_31' title='bbox 305 984 397 1053; x_wconf 91' lang='lat' dir='ltr'><strong>locus</strong></span> <span class='ocrx_word' id='word_1_32' title='bbox 417 986 558 1078; x_wconf 83' lang='lat' dir='ltr'><strong>ingenio,</strong></span> <span class='ocrx_word' id='word_1_33' title='bbox 581 987 641 1052; x_wconf 90' lang='lat' dir='ltr'><strong>nisi</strong></span> <span class='ocrx_word' id='word_1_34' title='bbox 662 1007 736 1053; x_wconf 90' lang='lat' dir='ltr'><strong>cum</strong></span> <span class='ocrx_word' id='word_1_35' title='bbox 758 1007 793 1052; x_wconf 86' lang='lat' dir='ltr'><strong>se</strong></span> <span class='ocrx_word' id='word_1_36' title='bbox 816 982 955 1053; x_wconf 82' lang='lat' dir='ltr'>carmine</span> <span class='ocrx_word' id='word_1_37' title='bbox 978 977 1047 1048; x_wconf 88' lang='lat' dir='ltr'><strong>solo</strong></span> 
     </span>
    </p>
   </div>
   <div class='ocr_carea' id='block_1_3' title="bbox 228 1092 1337 2822">
    <p class='ocr_par' dir='ltr' id='par_1_6' title="bbox 230 1092 1070 1629">
     <span class='ocr_line' id='line_1_7' title="bbox 231 1092 1054 1184; baseline -0.009 -21"><span class='ocrx_word' id='word_1_38' title='bbox 231 1104 351 1163; x_wconf 87' lang='lat' dir='ltr'><strong>uexant</strong></span> <span class='ocrx_word' id='word_1_39' title='bbox 372 1104 404 1162; x_wconf 89' lang='lat' dir='ltr'><strong>et</strong></span> <span class='ocrx_word' id='word_1_40' title='bbox 426 1095 560 1162; x_wconf 87' lang='lat' dir='ltr'><strong>dominis</strong></span> <span class='ocrx_word' id='word_1_41' title='bbox 582 1093 694 1163; x_wconf 86' lang='lat' dir='ltr'><strong>Cirrae</strong></span> <span class='ocrx_word' id='word_1_42' title='bbox 715 1093 889 1184; x_wconf 83' lang='lat' dir='ltr'><strong>Nysaeque</strong></span> <span class='ocrx_word' id='word_1_43' title='bbox 911 1092 1054 1158; x_wconf 81' lang='lat' dir='ltr'><strong>seruntur</strong></span> 
     </span>
     <span class='ocr_line' id='line_1_8' title="bbox 230 1195 1030 1297; baseline -0.011 -25"><span class='ocrx_word' id='word_1_44' title='bbox 230 1215 362 1297; x_wconf 78' lang='lat' dir='ltr'><strong>pectora</strong></span> <span class='ocrx_word' id='word_1_45' title='bbox 383 1214 489 1273; x_wconf 85' lang='lat' dir='ltr'><strong>uestra</strong></span> <span class='ocrx_word' id='word_1_46' title='bbox 511 1206 590 1273; x_wconf 89' lang='lat' dir='ltr'><strong>duas</strong></span> <span class='ocrx_word' id='word_1_47' title='bbox 610 1227 676 1272; x_wconf 91' lang='lat' dir='ltr'><strong>nou</strong></span> <span class='ocrx_word' id='word_1_48' title='bbox 697 1204 892 1273; x_wconf 87' lang='lat' dir='ltr'><strong>admittentia</strong></span> <span class='ocrx_word' id='word_1_49' title='bbox 915 1195 1030 1268; x_wconf 83' lang='lat' dir='ltr'><strong>curas?</strong></span> 
     </span>
     <span class='ocr_line' id='line_1_9' title="bbox 230 1310 1037 1408; baseline -0.006 -26"><span class='ocrx_word' id='word_1_50' title='bbox 230 1338 366 1408; x_wconf 82' lang='lat' dir='ltr'><strong>magnae</strong></span> <span class='ocrx_word' id='word_1_51' title='bbox 387 1317 501 1383; x_wconf 89' lang='lat' dir='ltr'><strong>mentis</strong></span> <span class='ocrx_word' id='word_1_52' title='bbox 523 1338 605 1407; x_wconf 88' lang='lat' dir='ltr'><strong>opus</strong></span> <span class='ocrx_word' id='word_1_53' title='bbox 626 1337 687 1382; x_wconf 92' lang='lat' dir='ltr'><strong>nec</strong></span> <span class='ocrx_word' id='word_1_54' title='bbox 709 1315 749 1383; x_wconf 92' lang='lat' dir='ltr'><strong>de</strong></span> <span class='ocrx_word' id='word_1_55' title='bbox 770 1314 874 1382; x_wconf 90' lang='lat' dir='ltr'><strong>lodice</strong></span> <span class='ocrx_word' id='word_1_56' title='bbox 895 1310 1037 1404; x_wconf 89' lang='lat' dir='ltr'><strong>paranda</strong></span> 
     </span>
     <span class='ocr_line' id='line_1_10' title="bbox 231 1424 1049 1517; baseline -0.005 -24"><span class='ocrx_word' id='word_1_57' title='bbox 231 1427 397 1507; x_wconf 88' lang='lat' dir='ltr'><strong>attonitae,</strong></span> <span class='ocrx_word' id='word_1_58' title='bbox 421 1448 533 1493; x_wconf 92' lang='lat' dir='ltr'><strong>currus</strong></span> <span class='ocrx_word' id='word_1_59' title='bbox 554 1435 588 1493; x_wconf 91' lang='lat' dir='ltr'><strong>et</strong></span> <span class='ocrx_word' id='word_1_60' title='bbox 609 1448 709 1517; x_wconf 90' lang='lat' dir='ltr'><strong>equos</strong></span> <span class='ocrx_word' id='word_1_61' title='bbox 731 1426 893 1517; x_wconf 83' lang='lat' dir='ltr'><strong>faciesque</strong></span> <span class='ocrx_word' id='word_1_62' title='bbox 916 1424 1049 1492; x_wconf 81' lang='lat' dir='ltr'><strong>deorrun</strong></span> 
     </span>
     <span class='ocr_line' id='line_1_11' title="bbox 231 1533 1070 1629; baseline -0.01 -25"><span class='ocrx_word' id='word_1_63' title='bbox 231 1537 374 1629; x_wconf 86' lang='lat' dir='ltr'><strong>aspicere</strong></span> <span class='ocrx_word' id='word_1_64' title='bbox 396 1544 428 1602; x_wconf 84' lang='lat' dir='ltr'><strong>et</strong></span> <span class='ocrx_word' id='word_1_65' title='bbox 451 1535 552 1627; x_wconf 90' lang='lat' dir='ltr'><strong>qualis</strong></span> <span class='ocrx_word' id='word_1_66' title='bbox 573 1534 729 1605; x_wconf 87' lang='lat' dir='ltr'><strong>Rutulum</strong></span> <span class='ocrx_word' id='word_1_67' title='bbox 751 1536 925 1604; x_wconf 82' lang='lat' dir='ltr'><strong>confundet</strong></span> <span class='ocrx_word' id='word_1_68' title='bbox 945 1533 1070 1624; x_wconf 84' lang='lat' dir='ltr'><strong>Erinys.</strong></span> 
     </span>
    </p>

    <p class='ocr_par' dir='ltr' id='par_1_7' title="bbox 229 1643 1337 2401">
     <span class='ocr_line' id='line_1_12' title="bbox 229 1643 1006 1739; baseline -0.005 -26"><span class='ocrx_word' id='word_1_69' title='bbox 229 1669 304 1713; x_wconf 87' lang='lat' dir='ltr'><strong>nam</strong></span> <span class='ocrx_word' id='word_1_70' title='bbox 327 1647 354 1713; x_wconf 93' lang='lat' dir='ltr'><strong>si</strong></span> <span class='ocrx_word' id='word_1_71' title='bbox 374 1643 516 1739; x_wconf 79' lang='lat' dir='ltr'><strong>Vergilio</strong></span> <span class='ocrx_word' id='word_1_72' title='bbox 537 1671 618 1739; x_wconf 90' lang='lat' dir='ltr'><strong>puer</strong></span> <span class='ocrx_word' id='word_1_73' title='bbox 639 1657 672 1715; x_wconf 92' lang='lat' dir='ltr'><strong>et</strong></span> <span class='ocrx_word' id='word_1_74' title='bbox 693 1645 857 1716; x_wconf 85' lang='lat' dir='ltr'><strong>tolerabile</strong></span> <span class='ocrx_word' id='word_1_75' title='bbox 879 1646 1006 1714; x_wconf 83' lang='lat' dir='ltr'><strong>deesset</strong></span> 
     </span>
     <span class='ocr_line' id='line_1_13' title="bbox 229 1754 1337 1848; baseline -0.007 -23"><span class='ocrx_word' id='word_1_76' title='bbox 229 1757 416 1848; x_wconf 85' lang='lat' dir='ltr'><strong>hospitium,</strong></span> <span class='ocrx_word' id='word_1_77' title='bbox 439 1757 590 1825; x_wconf 86' lang='lat' dir='ltr'><strong>caderent</strong></span> <span class='ocrx_word' id='word_1_78' title='bbox 612 1780 723 1826; x_wconf 89' lang='lat' dir='ltr'><strong>omnes</strong></span> <span class='ocrx_word' id='word_1_79' title='bbox 744 1780 763 1824; x_wconf 89' lang='lat' dir='ltr'><strong>a</strong></span> <span class='ocrx_word' id='word_1_80' title='bbox 786 1755 923 1826; x_wconf 86' lang='lat' dir='ltr'><strong>crinibus</strong></span> <span class='ocrx_word' id='word_1_81' title='bbox 944 1754 1051 1845; x_wconf 90' lang='lat' dir='ltr'><strong>hydri,</strong></span> <span class='ocrx_word' id='word_1_82' title='bbox 1296 1762 1337 1818; x_wconf 82' lang='lat'><strong>70</strong></span> 
     </span>
     <span class='ocr_line' id='line_1_14' title="bbox 230 1848 1171 1960; baseline -0.006 -26"><span class='ocrx_word' id='word_1_83' title='bbox 230 1866 326 1934; x_wconf 91' lang='lat' dir='ltr'><strong>surda</strong></span> <span class='ocrx_word' id='word_1_84' title='bbox 347 1865 424 1934; x_wconf 90' lang='lat' dir='ltr'><strong>nihil</strong></span> <span class='ocrx_word' id='word_1_85' title='bbox 445 1877 589 1959; x_wconf 84' lang='lat' dir='ltr'><strong>gemeret</strong></span> <span class='ocrx_word' id='word_1_86' title='bbox 602 1848 709 1959; x_wconf 85' lang='lat' dir='ltr'><strong>¹graue</strong></span> <span class='ocrx_word' id='word_1_87' title='bbox 730 1867 854 1936; x_wconf 90' lang='lat' dir='ltr'><strong>bucina.</strong></span> <span class='ocrx_word' id='word_1_88' title='bbox 888 1869 1050 1960; x_wconf 89' lang='lat' dir='ltr'><strong>poscimus</strong></span> <span class='ocrx_word' id='word_1_89' title='bbox 1072 1872 1108 1934; x_wconf 91' lang='lat' dir='ltr'><strong>ut</strong></span> <span class='ocrx_word' id='word_1_90' title='bbox 1130 1864 1171 1930; x_wconf 88' lang='lat' dir='ltr'><strong>sit</strong></span> 
     </span>
     <span class='ocr_line' id='line_1_15' title="bbox 229 1976 1085 2070; baseline -0.001 -25"><span class='ocrx_word' id='word_1_91' title='bbox 229 1998 294 2045; x_wconf 92' lang='lat' dir='ltr'><strong>non</strong></span> <span class='ocrx_word' id='word_1_92' title='bbox 315 1979 418 2045; x_wconf 90' lang='lat' dir='ltr'><strong>minor</strong></span> <span class='ocrx_word' id='word_1_93' title='bbox 439 1980 566 2069; x_wconf 90' lang='lat' dir='ltr'><strong>antiquo</strong></span> <span class='ocrx_word' id='word_1_94' title='bbox 589 1977 759 2046; x_wconf 83' lang='lat' dir='ltr'><strong>Rubrenus</strong></span> <span class='ocrx_word' id='word_1_95' title='bbox 780 1977 890 2070; x_wconf 89' lang='lat' dir='ltr'><strong>Lappa</strong></span> <span class='ocrx_word' id='word_1_96' title='bbox 913 1976 1085 2058; x_wconf 79' lang='lat' dir='ltr'><strong>codturno,</strong></span> 
     </span>
     <span class='ocr_line' id='line_1_16' title="bbox 230 2085 1057 2180; baseline -0.006 -24"><span class='ocrx_word' id='word_1_97' title='bbox 230 2089 321 2156; x_wconf 90' lang='lat' dir='ltr'><strong>cuius</strong></span> <span class='ocrx_word' id='word_1_98' title='bbox 344 2095 376 2154; x_wconf 89' lang='lat' dir='ltr'><strong>et</strong></span> <span class='ocrx_word' id='word_1_99' title='bbox 397 2085 540 2155; x_wconf 89' lang='lat' dir='ltr'><strong>alueolos</strong></span> <span class='ocrx_word' id='word_1_100' title='bbox 563 2097 596 2156; x_wconf 88' lang='lat' dir='ltr'><strong>ct</strong></span> <span class='ocrx_word' id='word_1_101' title='bbox 615 2087 743 2157; x_wconf 87' lang='lat' dir='ltr'><strong>laenam</strong></span> <span class='ocrx_word' id='word_1_102' title='bbox 764 2089 909 2180; x_wconf 86' lang='lat' dir='ltr'><strong>pignerat</strong></span> <span class='ocrx_word' id='word_1_103' title='bbox 930 2087 1057 2154; x_wconf 91' lang='lat' dir='ltr'><strong>Atreus.</strong></span> 
     </span>
     <span class='ocr_line' id='line_1_17' title="bbox 229 2183 1087 2289; baseline -0.003 -21"><span class='ocrx_word' id='word_1_104' title='bbox 229 2196 410 2268; x_wconf 88' lang='lat' dir='ltr'><strong>nonhabet</strong></span> <span class='ocrx_word' id='word_1_105' title='bbox 431 2197 541 2265; x_wconf 79' lang='lat' dir='ltr'><strong>infelix</strong></span> <span class='ocrx_word' id='word_1_106' title='bbox 562 2196 712 2266; x_wconf 88' lang='lat' dir='ltr'><strong>Numitor</strong></span> <span class='ocrx_word' id='word_1_107' title='bbox 733 2197 820 2289; x_wconf 91' lang='lat' dir='ltr'><strong>quod</strong></span> <span class='ocrx_word' id='word_1_108' title='bbox 842 2183 946 2266; x_wconf 77' lang='lat' dir='ltr'><strong>mitia</strong></span> <span class='ocrx_word' id='word_1_109' title='bbox 969 2199 1087 2279; x_wconf 82' lang='lat' dir='ltr'><strong>amico,</strong></span> 
     </span>
     <span class='ocr_line' id='line_1_18' title="bbox 230 2305 1031 2401; baseline -0.005 -23"><span class='ocrx_word' id='word_1_110' title='bbox 230 2308 401 2397; x_wconf 85' lang='lat' dir='ltr'><strong>Quintillae</strong></span> <span class='ocrx_word' id='word_1_111' title='bbox 423 2309 510 2401; x_wconf 91' lang='lat' dir='ltr'><strong>quod</strong></span> <span class='ocrx_word' id='word_1_112' title='bbox 531 2310 629 2377; x_wconf 89' lang='lat' dir='ltr'><strong>donet</strong></span> <span class='ocrx_word' id='word_1_113' title='bbox 649 2308 761 2389; x_wconf 90' lang='lat' dir='ltr'><strong>habet,</strong></span> <span class='ocrx_word' id='word_1_114' title='bbox 784 2330 845 2376; x_wconf 92' lang='lat' dir='ltr'><strong>nec</strong></span> <span class='ocrx_word' id='word_1_115' title='bbox 868 2308 966 2378; x_wconf 87' lang='lat' dir='ltr'><strong>deluit</strong></span> <span class='ocrx_word' id='word_1_116' title='bbox 986 2305 1031 2374; x_wconf 92' lang='lat' dir='ltr'><strong>illi</strong></span> 
     </span>
    </p>

    <p class='ocr_par' dir='ltr' id='par_1_8' title="bbox 229 2417 1060 2510">
     <span class='ocr_line' id='line_1_19' title="bbox 229 2417 1060 2510; baseline -0.005 -22"><span class='ocrx_word' id='word_1_117' title='bbox 229 2420 313 2489; x_wconf 91' lang='lat' dir='ltr'><strong>unde</strong></span> <span class='ocrx_word' id='word_1_118' title='bbox 336 2427 457 2487; x_wconf 92' lang='lat' dir='ltr'><strong>emeret</strong></span> <span class='ocrx_word' id='word_1_119' title='bbox 477 2417 576 2487; x_wconf 88' lang='lat' dir='ltr'><strong>multa</strong></span> <span class='ocrx_word' id='word_1_120' title='bbox 599 2418 795 2510; x_wconf 89' lang='lat' dir='ltr'><strong>pascendum</strong></span> <span class='ocrx_word' id='word_1_121' title='bbox 817 2440 911 2488; x_wconf 87' lang='lat' dir='ltr'><strong>came</strong></span> <span class='ocrx_word' id='word_1_122' title='bbox 933 2417 1060 2486; x_wconf 86' lang='lat' dir='ltr'><strong>leonem</strong></span> 
     </span>
    </p>

    <p class='ocr_par' dir='ltr' id='par_1_9' title="bbox 228 2527 1036 2822">
     <span class='ocr_line' id='line_1_20' title="bbox 228 2527 1036 2620; baseline -0.002 -22"><span class='ocrx_word' id='word_1_123' title='bbox 228 2533 294 2599; x_wconf 87' lang='lat' dir='ltr'><strong>iam</strong></span> <span class='ocrx_word' id='word_1_124' title='bbox 315 2531 478 2599; x_wconf 90' lang='lat' dir='ltr'><strong>domitum.</strong></span> <span class='ocrx_word' id='word_1_125' title='bbox 508 2538 633 2598; x_wconf 88' lang='lat' dir='ltr'><strong>constat</strong></span> <span class='ocrx_word' id='word_1_126' title='bbox 653 2529 767 2597; x_wconf 90' lang='lat' dir='ltr'><strong>leuiori</strong></span> <span class='ocrx_word' id='word_1_127' title='bbox 789 2527 883 2596; x_wconf 89' lang='lat' dir='ltr'><strong>belua</strong></span> <span class='ocrx_word' id='word_1_128' title='bbox 905 2536 1036 2620; x_wconf 87' lang='lat' dir='ltr'><strong>sumptu</strong></span> 
     </span>
     <span class='ocr_line' id='line_1_21' title="bbox 228 2639 1007 2733; baseline -0.008 -21"><span class='ocrx_word' id='word_1_129' title='bbox 228 2644 390 2723; x_wconf 89' lang='lat' dir='ltr'><strong>nimirum,</strong></span> <span class='ocrx_word' id='word_1_130' title='bbox 414 2650 446 2709; x_wconf 87' lang='lat' dir='ltr'><strong>et</strong></span> <span class='ocrx_word' id='word_1_131' title='bbox 468 2643 598 2730; x_wconf 87' lang='lat' dir='ltr'><strong>capiunt</strong></span> <span class='ocrx_word' id='word_1_132' title='bbox 618 2639 691 2733; x_wconf 89' lang='lat' dir='ltr'><strong>plus</strong></span> <span class='ocrx_word' id='word_1_133' title='bbox 712 2641 861 2708; x_wconf 85' lang='lat' dir='ltr'><strong>intestina</strong></span> <span class='ocrx_word' id='word_1_134' title='bbox 882 2647 1007 2732; x_wconf 89' lang='lat' dir='ltr'><strong>poetae.</strong></span> 
     </span>
     <span class='ocr_line' id='line_1_22' title="bbox 230 2747 971 2822; baseline -0.009 1"><span class='ocrx_word' id='word_1_135' title='bbox 230 2762 397 2822; x_wconf 88' lang='lat' dir='ltr'><strong>contentus</strong></span> <span class='ocrx_word' id='word_1_136' title='bbox 418 2753 503 2820; x_wconf 85' lang='lat' dir='ltr'><strong>lama</strong></span> <span class='ocrx_word' id='word_1_137' title='bbox 523 2753 628 2819; x_wconf 87' lang='lat' dir='ltr'><strong>iaceat</strong></span> <span class='ocrx_word' id='word_1_138' title='bbox 647 2749 798 2820; x_wconf 86' lang='lat' dir='ltr'><strong>Lucanus</strong></span> <span class='ocrx_word' id='word_1_139' title='bbox 818 2752 850 2820; x_wconf 91' lang='lat' dir='ltr'><strong>in</strong></span> <span class='ocrx_word' id='word_1_140' title='bbox 871 2747 971 2818; x_wconf 90' lang='lat' dir='ltr'><strong>hortis</strong></span> 
     </span>
    </p>
   </div>
   <div class='ocr_carea' id='block_1_4' title="bbox 227 3037 1337 4272">
    <p class='ocr_par' dir='ltr' id='par_1_10' title="bbox 229 3037 1233 3116">
     <span class='ocr_line' id='line_1_23' title="bbox 229 3037 1233 3116; baseline -0.002 -18"><span class='ocrx_word' id='word_1_141' title='bbox 229 3044 276 3100; x_wconf 87' lang='grc'><strong>60.</strong></span> <span class='ocrx_word' id='word_1_142' title='bbox 297 3040 394 3097; x_wconf 88' lang='lat' dir='ltr'><strong>Pierio</strong></span> <span class='ocrx_word' id='word_1_143' title='bbox 414 3059 455 3098; x_wconf 80' lang='lat' dir='ltr'><strong>to:</strong></span> <span class='ocrx_word' id='word_1_144' title='bbox 475 3039 570 3098; x_wconf 86' lang='lat' dir='ltr'><strong>Pierio</strong></span> <span class='ocrx_word' id='word_1_145' title='bbox 591 3041 649 3097; x_wconf 76' lang='grc' dir='ltr'><strong>ΡΒ.</strong></span> <span class='ocrx_word' id='word_1_146' title='bbox 747 3051 914 3116; x_wconf 84' lang='lat' dir='ltr'><strong>tyrsumque</strong></span> <span class='ocrx_word' id='word_1_147' title='bbox 935 3043 994 3106; x_wconf 90' lang='grc' dir='ltr'><strong>Ρς.·</strong></span> <span class='ocrx_word' id='word_1_148' title='bbox 1014 3037 1179 3114; x_wconf 87' lang='lat' dir='ltr'><strong>thyrsumue</strong></span> <span class='ocrx_word' id='word_1_149' title='bbox 1199 3057 1233 3097; x_wconf 85' lang='grc' dir='ltr'><strong>ω.</strong></span> 
     </span>
    </p>

    <p class='ocr_par' dir='ltr' id='par_1_11' title="bbox 227 3114 1337 3579">
     <span class='ocr_line' id='line_1_24' title="bbox 229 3114 1335 3188; baseline -0.002 -12"><span class='ocrx_word' id='word_1_150' title='bbox 229 3135 301 3176; x_wconf 87' lang='lat' dir='ltr'><strong>sana</strong></span> <span class='ocrx_word' id='word_1_151' title='bbox 320 3114 390 3174; x_wconf 70' lang='grc' dir='ltr'><strong>Σωε</strong></span> <span class='ocrx_word' id='word_1_152' title='bbox 409 3136 499 3175; x_wconf 89' lang='lat' dir='ltr'><strong>saeua</strong></span> <span class='ocrx_word' id='word_1_153' title='bbox 518 3116 564 3188; x_wconf 68' lang='lat' dir='ltr'><strong>fg,</strong></span> <span class='ocrx_word' id='word_1_154' title='bbox 584 3126 695 3176; x_wconf 85' lang='lat' dir='ltr'><strong>maesta</strong></span> <span class='ocrx_word' id='word_1_155' title='bbox 714 3120 767 3184; x_wconf 91' lang='grc' dir='ltr'><strong>Ρς.</strong></span> <span class='ocrx_word' id='word_1_156' title='bbox 863 3121 909 3175; x_wconf 89' lang='grc'><strong>61.</strong></span> <span class='ocrx_word' id='word_1_157' title='bbox 931 3117 1013 3174; x_wconf 90' lang='lat' dir='ltr'><strong>inobs</strong></span> <span class='ocrx_word' id='word_1_158' title='bbox 1034 3119 1068 3173; x_wconf 88' lang='lat' dir='ltr'><strong>P.</strong></span> <span class='ocrx_word' id='word_1_159' title='bbox 1166 3119 1213 3174; x_wconf 92' lang='grc'><strong>62.</strong></span> <span class='ocrx_word' id='word_1_160' title='bbox 1234 3114 1335 3175; x_wconf 83' lang='lat' dir='ltr'><strong>Sidon.</strong></span> 
     </span>
     <span class='ocr_line' id='line_1_25' title="bbox 228 3186 1336 3272; baseline 0.002 -20"><span class='ocrx_word' id='word_1_161' title='bbox 228 3193 357 3270; x_wconf 80' lang='lat' dir='ltr'><strong>Apsilia.</strong></span> <span class='ocrx_word' id='word_1_162' title='bbox 378 3213 441 3272; x_wconf 83' lang='lat' dir='ltr'><strong>epp.</strong></span> <span class='ocrx_word' id='word_1_163' title='bbox 461 3198 545 3267; x_wconf 90' lang='lat' dir='ltr'><strong><em>VIII,</em></strong></span> <span class='ocrx_word' id='word_1_164' title='bbox 561 3199 614 3254; x_wconf 79' lang='lat'><strong>91:</strong></span> <span class='ocrx_word' id='word_1_165' title='bbox 634 3186 729 3265; x_wconf 71' lang='lat' dir='ltr'><strong>‘Quia</strong></span> <span class='ocrx_word' id='word_1_166' title='bbox 747 3193 874 3265; x_wconf 74' lang='lat' dir='ltr'><strong>forsitan</strong></span> <span class='ocrx_word' id='word_1_167' title='bbox 894 3195 1047 3252; x_wconf 78' lang='lat' dir='ltr'><strong>satiricum</strong></span> <span class='ocrx_word' id='word_1_168' title='bbox 1066 3191 1142 3250; x_wconf 80' lang='lat' dir='ltr'><strong>iilud</strong></span> <span class='ocrx_word' id='word_1_169' title='bbox 1161 3192 1195 3250; x_wconf 85' lang='lat' dir='ltr'><strong>de</strong></span> <span class='ocrx_word' id='word_1_170' title='bbox 1213 3195 1336 3254; x_wconf 78' lang='lat' dir='ltr'><strong>sotirioo</strong></span> 
     </span>
     <span class='ocr_line' id='line_1_26' title="bbox 228 3261 1323 3341; baseline -0.002 -11"><span class='ocrx_word' id='word_1_171' title='bbox 228 3290 286 3330; x_wconf 82' lang='lat' dir='ltr'><strong>noa</strong></span> <span class='ocrx_word' id='word_1_172' title='bbox 299 3271 476 3330; x_wconf 82' lang='lat' dir='ltr'><strong>recordaris:</strong></span> <span class='ocrx_word' id='word_1_173' title='bbox 496 3281 578 3328; x_wconf 86' lang='lat' dir='ltr'><strong>satur</strong></span> <span class='ocrx_word' id='word_1_174' title='bbox 587 3278 632 3328; x_wconf 90' lang='lat' dir='ltr'><strong>est</strong></span> <span class='ocrx_word' id='word_1_175' title='bbox 647 3290 710 3327; x_wconf 87' lang='lat' dir='ltr'><strong>curn</strong></span> <span class='ocrx_word' id='word_1_176' title='bbox 728 3271 797 3328; x_wconf 88' lang='lat' dir='ltr'><strong>dicit</strong></span> <span class='ocrx_word' id='word_1_177' title='bbox 810 3272 945 3328; x_wconf 86' lang='lat' dir='ltr'><strong>Horatius</strong></span> <span class='ocrx_word' id='word_1_178' title='bbox 962 3261 1074 3328; x_wconf 70' lang='lat' dir='ltr'><strong>euohe.³</strong></span> <span class='ocrx_word' id='word_1_179' title='bbox 1154 3271 1261 3328; x_wconf 89' lang='lat' dir='ltr'><strong>oratius</strong></span> <span class='ocrx_word' id='word_1_180' title='bbox 1273 3269 1323 3341; x_wconf 78' lang='lat' dir='ltr'><strong>Pf.</strong></span> 
     </span>
     <span class='ocr_line' id='line_1_27' title="bbox 228 3345 1337 3424; baseline -0.002 -16"><span class='ocrx_word' id='word_1_181' title='bbox 228 3348 321 3408; x_wconf 92' lang='lat' dir='ltr'><strong>euhoe</strong></span> <span class='ocrx_word' id='word_1_182' title='bbox 334 3352 396 3424; x_wconf 70' lang='grc' dir='ltr'><strong>Ρρς</strong></span> <span class='ocrx_word' id='word_1_183' title='bbox 405 3347 562 3407; x_wconf 75' lang='lat' dir='ltr'><strong>Maecilius</strong></span> <span class='ocrx_word' id='word_1_184' title='bbox 572 3345 612 3406; x_wconf 89' lang='lat' dir='ltr'><strong>ud</strong></span> <span class='ocrx_word' id='word_1_185' title='bbox 623 3350 704 3406; x_wconf 83' lang='lat' dir='ltr'><strong>Pera.</strong></span> <span class='ocrx_word' id='word_1_186' title='bbox 716 3352 744 3421; x_wconf 92' lang='lat' dir='ltr'><strong>I,</strong></span> <span class='ocrx_word' id='word_1_187' title='bbox 754 3351 802 3406; x_wconf 82' lang='lat'><strong>23.</strong></span> <span class='ocrx_word' id='word_1_188' title='bbox 824 3346 1025 3406; x_wconf 72' lang='lat' dir='ltr'><strong>isatacberlioh</strong></span> <span class='ocrx_word' id='word_1_189' title='bbox 1039 3345 1155 3407; x_wconf 83' lang='lat' dir='ltr'><strong>udIIor.</strong></span> <span class='ocrx_word' id='word_1_190' title='bbox 1166 3366 1188 3405; x_wconf 84' lang='lat' dir='ltr'><strong>a.</strong></span> <span class='ocrx_word' id='word_1_191' title='bbox 1199 3352 1242 3416; x_wconf 91' lang='lat' dir='ltr'><strong>II,</strong></span> <span class='ocrx_word' id='word_1_192' title='bbox 1250 3349 1337 3417; x_wconf 71' lang='lat' dir='ltr'><strong>litia</strong></span> 
     </span>
     <span class='ocr_line' id='line_1_28' title="bbox 227 3423 1277 3502; baseline -0.001 -19"><span class='ocrx_word' id='word_1_193' title='bbox 227 3425 341 3484; x_wconf 87' lang='lat' dir='ltr'><strong>heuhoe</strong></span> <span class='ocrx_word' id='word_1_194' title='bbox 362 3423 428 3498; x_wconf 61' lang='grc' dir='ltr'><strong>αἶς,</strong></span> <span class='ocrx_word' id='word_1_195' title='bbox 449 3426 504 3484; x_wconf 90' lang='lat' dir='ltr'><strong>ohe</strong></span> <span class='ocrx_word' id='word_1_196' title='bbox 524 3444 565 3495; x_wconf 89' lang='grc' dir='ltr'><strong>ω,</strong></span> <span class='ocrx_word' id='word_1_197' title='bbox 586 3424 678 3483; x_wconf 89' lang='lat' dir='ltr'><strong>aehoe</strong></span> <span class='ocrx_word' id='word_1_198' title='bbox 701 3429 784 3502; x_wconf 76' lang='lat' dir='ltr'><strong>Poup</strong></span> <span class='ocrx_word' id='word_1_199' title='bbox 797 3423 920 3482; x_wconf 77' lang='lat' dir='ltr'><strong>entendd.</strong></span> <span class='ocrx_word' id='word_1_200' title='bbox 933 3423 1092 3497; x_wconf 76' lang='lat' dir='ltr'><strong>iollasuolt.</strong></span> <span class='ocrx_word' id='word_1_201' title='bbox 1103 3429 1157 3486; x_wconf 81' lang='lat' dir='ltr'><strong>III</strong></span> <span class='ocrx_word' id='word_1_202' title='bbox 1169 3443 1198 3500; x_wconf 77' lang='lat' dir='ltr'><strong>p·</strong></span> <span class='ocrx_word' id='word_1_203' title='bbox 1210 3427 1277 3484; x_wconf 83' lang='lat'><strong><em>383.</em></strong></span> 
     </span>
     <span class='ocr_line' id='line_1_29' title="bbox 229 3501 1238 3579; baseline 0 -19"><span class='ocrx_word' id='word_1_204' title='bbox 229 3507 277 3560; x_wconf 85' lang='grc'><strong>63.</strong></span> <span class='ocrx_word' id='word_1_205' title='bbox 298 3505 348 3579; x_wconf 91' lang='lat' dir='ltr'><strong>qui</strong></span> <span class='ocrx_word' id='word_1_206' title='bbox 368 3507 425 3570; x_wconf 75' lang='grc' dir='ltr'><strong>Ρςε</strong></span> <span class='ocrx_word' id='word_1_207' title='bbox 446 3505 509 3579; x_wconf 92' lang='lat' dir='ltr'><strong>quis</strong></span> <span class='ocrx_word' id='word_1_208' title='bbox 529 3521 585 3576; x_wconf 81' lang='lat' dir='ltr'><strong>pur.</strong></span> <span class='ocrx_word' id='word_1_209' title='bbox 684 3501 732 3560; x_wconf 82' lang='grc'><strong>64.</strong></span> <span class='ocrx_word' id='word_1_210' title='bbox 755 3501 867 3578; x_wconf 86' lang='lat' dir='ltr'><strong>Chyrre</strong></span> <span class='ocrx_word' id='word_1_211' title='bbox 888 3504 946 3560; x_wconf 76' lang='grc' dir='ltr'><strong>ΡΒ.</strong></span> <span class='ocrx_word' id='word_1_212' title='bbox 1044 3502 1183 3578; x_wconf 86' lang='lat' dir='ltr'><strong>uisaeque</strong></span> <span class='ocrx_word' id='word_1_213' title='bbox 1203 3505 1238 3560; x_wconf 87' lang='lat' dir='ltr'><strong>P.</strong></span> 
     </span>
    </p>

    <p class='ocr_par' dir='ltr' id='par_1_12' title="bbox 227 3577 1336 4117">
     <span class='ocr_line' id='line_1_30' title="bbox 227 3577 1336 3656; baseline -0.004 -16"><span class='ocrx_word' id='word_1_214' title='bbox 227 3585 275 3640; x_wconf 87' lang='grc'><strong>65.</strong></span> <span class='ocrx_word' id='word_1_215' title='bbox 297 3588 392 3638; x_wconf 86' lang='lat' dir='ltr'><strong>uestra</strong></span> <span class='ocrx_word' id='word_1_216' title='bbox 412 3577 595 3653; x_wconf 71' lang='lat' dir='ltr'><strong>PSobodfpb:</strong></span> <span class='ocrx_word' id='word_1_217' title='bbox 614 3588 713 3637; x_wconf 86' lang='lat' dir='ltr'><strong>nostra</strong></span> <span class='ocrx_word' id='word_1_218' title='bbox 733 3597 767 3637; x_wconf 88' lang='grc' dir='ltr'><strong>ω.</strong></span> <span class='ocrx_word' id='word_1_219' title='bbox 842 3578 1011 3637; x_wconf 83' lang='lat' dir='ltr'><strong>admitentia</strong></span> <span class='ocrx_word' id='word_1_220' title='bbox 1029 3581 1064 3636; x_wconf 88' lang='grc' dir='ltr'><strong>Ρ.</strong></span> <span class='ocrx_word' id='word_1_221' title='bbox 1133 3583 1179 3637; x_wconf 91' lang='grc'><strong>66.</strong></span> <span class='ocrx_word' id='word_1_222' title='bbox 1200 3597 1254 3639; x_wconf 83' lang='lat' dir='ltr'><strong>nee</strong></span> <span class='ocrx_word' id='word_1_223' title='bbox 1272 3597 1336 3656; x_wconf 76' lang='lat' dir='ltr'><strong>patr</strong></span> 
     </span>
     <span class='ocr_line' id='line_1_31' title="bbox 228 3653 1335 3732; baseline -0.001 -17"><span class='ocrx_word' id='word_1_224' title='bbox 228 3676 266 3715; x_wconf 88' lang='lat' dir='ltr'><strong>ue</strong></span> <span class='ocrx_word' id='word_1_225' title='bbox 276 3660 311 3714; x_wconf 86' lang='lat' dir='ltr'><strong>P.</strong></span> <span class='ocrx_word' id='word_1_226' title='bbox 389 3657 484 3715; x_wconf 90' lang='lat' dir='ltr'><strong>lodice</strong></span> <span class='ocrx_word' id='word_1_227' title='bbox 500 3672 559 3732; x_wconf 83' lang='lat' dir='ltr'><strong>pm:</strong></span> <span class='ocrx_word' id='word_1_228' title='bbox 580 3655 676 3714; x_wconf 65' lang='lat' dir='ltr'><strong>adue</strong></span> <span class='ocrx_word' id='word_1_229' title='bbox 688 3659 722 3725; x_wconf 92' lang='lat' dir='ltr'><strong>P,</strong></span> <span class='ocrx_word' id='word_1_230' title='bbox 744 3655 844 3715; x_wconf 86' lang='lat' dir='ltr'><strong>codiee</strong></span> <span class='ocrx_word' id='word_1_231' title='bbox 857 3653 893 3714; x_wconf 86' lang='grc' dir='ltr'><strong>Σ.</strong></span> <span class='ocrx_word' id='word_1_232' title='bbox 962 3659 1009 3714; x_wconf 87' lang='grc'><strong>66.</strong></span> <span class='ocrx_word' id='word_1_233' title='bbox 1031 3657 1127 3732; x_wconf 82' lang='lat' dir='ltr'><strong>erynis</strong></span> <span class='ocrx_word' id='word_1_234' title='bbox 1139 3660 1174 3726; x_wconf 87' lang='lat' dir='ltr'><strong>P,</strong></span> <span class='ocrx_word' id='word_1_235' title='bbox 1194 3657 1281 3714; x_wconf 86' lang='lat' dir='ltr'><strong>erinis</strong></span> <span class='ocrx_word' id='word_1_236' title='bbox 1298 3673 1335 3714; x_wconf 87' lang='grc' dir='ltr'><strong>ω.</strong></span> 
     </span>
     <span class='ocr_line' id='line_1_32' title="bbox 228 3731 1295 3810; baseline -0.002 -20"><span class='ocrx_word' id='word_1_237' title='bbox 228 3738 276 3794; x_wconf 92' lang='grc'><strong>69.</strong></span> <span class='ocrx_word' id='word_1_238' title='bbox 297 3733 424 3810; x_wconf 85' lang='lat' dir='ltr'><strong>Vergilio</strong></span> <span class='ocrx_word' id='word_1_239' title='bbox 444 3752 477 3808; x_wconf 80' lang='lat'><strong>9:</strong></span> <span class='ocrx_word' id='word_1_240' title='bbox 497 3731 620 3808; x_wconf 60' lang='lat' dir='ltr'><strong>vagina</strong></span> <span class='ocrx_word' id='word_1_241' title='bbox 640 3736 675 3802; x_wconf 93' lang='lat' dir='ltr'><strong>P,</strong></span> <span class='ocrx_word' id='word_1_242' title='bbox 694 3733 816 3809; x_wconf 87' lang='lat' dir='ltr'><strong>Virgilio</strong></span> <span class='ocrx_word' id='word_1_243' title='bbox 835 3752 891 3809; x_wconf 77' lang='lat' dir='ltr'><strong>pto.</strong></span> <span class='ocrx_word' id='word_1_244' title='bbox 970 3732 1086 3791; x_wconf 79' lang='lat' dir='ltr'><strong>deesset</strong></span> <span class='ocrx_word' id='word_1_245' title='bbox 1105 3737 1144 3790; x_wconf 87' lang='lat' dir='ltr'><strong>P:</strong></span> <span class='ocrx_word' id='word_1_246' title='bbox 1164 3733 1241 3791; x_wconf 88' lang='lat' dir='ltr'><strong>desit</strong></span> <span class='ocrx_word' id='word_1_247' title='bbox 1259 3751 1295 3790; x_wconf 87' lang='grc' dir='ltr'><strong>ω.</strong></span> 
     </span>
     <span class='ocr_line' id='line_1_33' title="bbox 227 3808 1335 3889; baseline -0.003 -20"><span class='ocrx_word' id='word_1_248' title='bbox 227 3815 275 3869; x_wconf 87' lang='grc'><strong>70.</strong></span> <span class='ocrx_word' id='word_1_249' title='bbox 293 3811 448 3889; x_wconf 87' lang='lat' dir='ltr'><strong>hospitium</strong></span> <span class='ocrx_word' id='word_1_250' title='bbox 460 3810 597 3869; x_wconf 85' lang='lat' dir='ltr'><strong>caderent</strong></span> <span class='ocrx_word' id='word_1_251' title='bbox 607 3828 666 3885; x_wconf 78' lang='lat' dir='ltr'><strong>paor</strong></span> <span class='ocrx_word' id='word_1_252' title='bbox 687 3811 822 3888; x_wconf 86' lang='lat' dir='ltr'><strong>ospitium</strong></span> <span class='ocrx_word' id='word_1_253' title='bbox 833 3809 954 3869; x_wconf 87' lang='lat' dir='ltr'><strong>aderent</strong></span> <span class='ocrx_word' id='word_1_254' title='bbox 963 3812 998 3868; x_wconf 94' lang='lat' dir='ltr'><strong>P.</strong></span> <span class='ocrx_word' id='word_1_255' title='bbox 1070 3813 1116 3868; x_wconf 88' lang='lat'><strong>71.</strong></span> <span class='ocrx_word' id='word_1_256' title='bbox 1129 3808 1335 3884; x_wconf 62' lang='lat' dir='ltr'><strong>bucinaPspgr</strong></span> 
     </span>
     <span class='ocr_line' id='line_1_34' title="bbox 228 3885 1334 3963; baseline -0.002 -19"><span class='ocrx_word' id='word_1_257' title='bbox 228 3889 349 3945; x_wconf 86' lang='lat' dir='ltr'><strong>bucciua</strong></span> <span class='ocrx_word' id='word_1_258' title='bbox 369 3907 404 3946; x_wconf 87' lang='grc' dir='ltr'><strong>ω.</strong></span> <span class='ocrx_word' id='word_1_259' title='bbox 482 3891 530 3946; x_wconf 91' lang='grc'><strong>72.</strong></span> <span class='ocrx_word' id='word_1_260' title='bbox 550 3886 697 3944; x_wconf 83' lang='lat' dir='ltr'><strong>Rabienus</strong></span> <span class='ocrx_word' id='word_1_261' title='bbox 718 3885 910 3945; x_wconf 78' lang='lat' dir='ltr'><strong>Doriaunsod</strong></span> <span class='ocrx_word' id='word_1_262' title='bbox 926 3891 994 3944; x_wconf 74' lang='lat' dir='ltr'><strong>Tuo.</strong></span> <span class='ocrx_word' id='word_1_263' title='bbox 1008 3891 1104 3946; x_wconf 78' lang='lat' dir='ltr'><strong>aauI</strong></span> <span class='ocrx_word' id='word_1_264' title='bbox 1114 3907 1143 3963; x_wconf 88' lang='lat' dir='ltr'><strong>p.</strong></span> <span class='ocrx_word' id='word_1_265' title='bbox 1154 3891 1202 3944; x_wconf 89' lang='lat'><strong>22.</strong></span> <span class='ocrx_word' id='word_1_266' title='bbox 1282 3905 1334 3942; x_wconf 89' lang='lat' dir='ltr'><strong>co-</strong></span> 
     </span>
     <span class='ocr_line' id='line_1_35' title="bbox 227 3962 1325 4039; baseline 0.001 -18"><span class='ocrx_word' id='word_1_267' title='bbox 227 3974 311 4023; x_wconf 88' lang='lat' dir='ltr'><strong>turno</strong></span> <span class='ocrx_word' id='word_1_268' title='bbox 322 3964 412 4039; x_wconf 71' lang='lat' dir='ltr'><strong><em>PSIp.</em></strong></span> <span class='ocrx_word' id='word_1_269' title='bbox 471 3969 520 4024; x_wconf 82' lang='grc'><strong>73.</strong></span> <span class='ocrx_word' id='word_1_270' title='bbox 533 3962 661 4022; x_wconf 87' lang='lat' dir='ltr'><strong>alueolos</strong></span> <span class='ocrx_word' id='word_1_271' title='bbox 671 3966 730 4039; x_wconf 79' lang='lat' dir='ltr'><strong>Pp:</strong></span> <span class='ocrx_word' id='word_1_272' title='bbox 750 3964 881 4022; x_wconf 86' lang='lat' dir='ltr'><strong>alueolos</strong></span> <span class='ocrx_word' id='word_1_273' title='bbox 894 3962 919 4035; x_wconf 72' lang='lat' dir='ltr'><strong>f,</strong></span> <span class='ocrx_word' id='word_1_274' title='bbox 936 3963 1056 4021; x_wconf 86' lang='lat' dir='ltr'><strong>albiolos</strong></span> <span class='ocrx_word' id='word_1_275' title='bbox 1070 3982 1125 4039; x_wconf 80' lang='lat' dir='ltr'><strong>pm.</strong></span> <span class='ocrx_word' id='word_1_276' title='bbox 1183 3964 1278 4022; x_wconf 89' lang='lat' dir='ltr'><strong>lenam</strong></span> <span class='ocrx_word' id='word_1_277' title='bbox 1288 3965 1325 4022; x_wconf 88' lang='grc' dir='ltr'><strong>Ρ.</strong></span> 
     </span>
     <span class='ocr_line' id='line_1_36' title="bbox 228 4039 1256 4117; baseline 0 -19"><span class='ocrx_word' id='word_1_278' title='bbox 228 4045 330 4101; x_wconf 81' lang='lat' dir='ltr'><strong>Atreus</strong></span> <span class='ocrx_word' id='word_1_279' title='bbox 351 4043 432 4117; x_wconf 77' lang='lat' dir='ltr'><strong>Spin:</strong></span> <span class='ocrx_word' id='word_1_280' title='bbox 453 4050 544 4100; x_wconf 69' lang='lat' dir='ltr'><strong>areas</strong></span> <span class='ocrx_word' id='word_1_281' title='bbox 563 4044 598 4097; x_wconf 93' lang='lat' dir='ltr'><strong>P.</strong></span> <span class='ocrx_word' id='word_1_282' title='bbox 687 4045 734 4100; x_wconf 88' lang='grc'><strong>75.</strong></span> <span class='ocrx_word' id='word_1_283' title='bbox 756 4040 916 4108; x_wconf 87' lang='lat' dir='ltr'><strong>Quintillae</strong></span> <span class='ocrx_word' id='word_1_284' title='bbox 935 4058 994 4116; x_wconf 82' lang='lat' dir='ltr'><strong>pm:</strong></span> <span class='ocrx_word' id='word_1_285' title='bbox 1014 4041 1161 4109; x_wconf 85' lang='lat' dir='ltr'><strong>Quintilae</strong></span> <span class='ocrx_word' id='word_1_286' title='bbox 1182 4039 1256 4114; x_wconf 76' lang='lat' dir='ltr'><strong>Pss.</strong></span> 
     </span>
    </p>

    <p class='ocr_par' dir='ltr' id='par_1_13' title="bbox 227 4118 1336 4272">
     <span class='ocr_line' id='line_1_37' title="bbox 227 4118 1336 4196; baseline -0.003 -18"><span class='ocrx_word' id='word_1_287' title='bbox 227 4122 264 4178; x_wconf 83' lang='lat'><strong>75</strong></span> <span class='ocrx_word' id='word_1_288' title='bbox 274 4137 336 4194; x_wconf 81' lang='lat' dir='ltr'><strong>sqq.</strong></span> <span class='ocrx_word' id='word_1_289' title='bbox 357 4137 411 4176; x_wconf 91' lang='lat' dir='ltr'><strong>nec</strong></span> <span class='ocrx_word' id='word_1_290' title='bbox 430 4126 592 4196; x_wconf 75' lang='lat' dir='ltr'><strong>-poetae</strong></span> <span class='ocrx_word' id='word_1_291' title='bbox 612 4119 757 4176; x_wconf 69' lang='lat' dir='ltr'><strong>Priscim</strong></span> <span class='ocrx_word' id='word_1_292' title='bbox 771 4121 839 4188; x_wconf 82' lang='lat' dir='ltr'><strong><em>VII,</em></strong></span> <span class='ocrx_word' id='word_1_293' title='bbox 851 4122 897 4186; x_wconf 78' lang='lat'><strong>13,</strong></span> <span class='ocrx_word' id='word_1_294' title='bbox 907 4120 944 4177; x_wconf 88' lang='grc'><strong>69</strong></span> <span class='ocrx_word' id='word_1_295' title='bbox 956 4135 984 4192; x_wconf 82' lang='lat' dir='ltr'><strong>p.</strong></span> <span class='ocrx_word' id='word_1_296' title='bbox 995 4121 1062 4176; x_wconf 91' lang='grc'><strong>766.</strong></span> <span class='ocrx_word' id='word_1_297' title='bbox 1145 4121 1193 4178; x_wconf 87' lang='grc'><strong>76.</strong></span> <span class='ocrx_word' id='word_1_298' title='bbox 1215 4118 1336 4196; x_wconf 88' lang='lat' dir='ltr'><strong>cupiunt</strong></span> 
     </span>
     <span class='ocr_line' id='line_1_38' title="bbox 228 4193 1223 4272; baseline -0.002 -17"><span class='ocrx_word' id='word_1_299' title='bbox 228 4195 288 4255; x_wconf 80' lang='lat' dir='ltr'><strong>cod.</strong></span> <span class='ocrx_word' id='word_1_300' title='bbox 298 4193 546 4272; x_wconf 74' lang='lat' dir='ltr'><strong>Norirnhorpansis</strong></span> <span class='ocrx_word' id='word_1_301' title='bbox 556 4198 583 4254; x_wconf 92' lang='lat'><strong>1.</strong></span> <span class='ocrx_word' id='word_1_302' title='bbox 603 4195 740 4255; x_wconf 77' lang='lat' dir='ltr'><strong>Heinrich</strong></span> <span class='ocrx_word' id='word_1_303' title='bbox 751 4197 867 4255; x_wconf 66' lang='lat' dir='ltr'><strong>unuin.</strong></span> <span class='ocrx_word' id='word_1_304' title='bbox 880 4196 911 4254; x_wconf 82' lang='lat' dir='ltr'><strong>ia</strong></span> <span class='ocrx_word' id='word_1_305' title='bbox 921 4201 1017 4254; x_wconf 83' lang='lat' dir='ltr'><strong>uuatt.</strong></span> <span class='ocrx_word' id='word_1_306' title='bbox 1028 4203 1103 4254; x_wconf 68' lang='lat' dir='ltr'><strong>«cett.</strong></span> <span class='ocrx_word' id='word_1_307' title='bbox 1114 4213 1144 4272; x_wconf 82' lang='lat' dir='ltr'><strong>p.</strong></span> <span class='ocrx_word' id='word_1_308' title='bbox 1157 4199 1223 4256; x_wconf 90' lang='grc'><strong>109.</strong></span> 
     </span>
    </p>
   </div>
   <div class='ocr_carea' id='block_1_5' title="bbox 0 0 1518 4859">
    <p class='ocr_par' dir='ltr' id='par_1_14' title="bbox 0 0 1518 4859">
     <span class='ocr_line' id='line_1_39' title="bbox 0 0 1518 4859; baseline 0 1"><span class='ocrx_word' id='word_1_309' title='bbox 0 0 1518 4859; x_wconf 95' lang='lat' dir='ltr'><strong> </strong></span> 
     </span>
    </p>
   </div>
  </div>
 </body>
</html>
