3025 4859
575 384 786 441 srrvnavr.
1158 366 1234 448 2⁷1

126 546 181 618 uel
199 548 356 619 labiorum
376 549 409 617 in
430 572 468 620 se
490 550 673 621 collisorum
694 554 862 647 strepitus,
884 573 949 648 qua
969 549 1089 621 laetitia
1109 550 1237 642 praedi·

127 684 201 730 cere
222 660 306 729 mala
327 659 460 745 adsolet,
482 664 584 732 uitare
605 674 691 731 uota.

209 770 283 837 585.
309 768 436 840 Pnnrx.
467 796 542 842 narn
563 773 616 840 illc
638 773 756 864 Phryx,
777 776 887 866 inquit,
910 775 966 867 qui
984 770 1109 841 Romae
1130 794 1239 841 mora·

128 888 187 948 tur.
210 888 284 947 sunt
306 883 390 949 enirn
412 884 453 951 ob
475 882 537 953 hoc
560 885 614 977 qui
637 883 676 949 ab
698 886 766 977 ipsa
787 884 895 976 Frigia
916 885 1014 951 exciti
1036 891 1119 950 sunt.

210 990 284 1057 587.
305 1013 456 1061 rvcovnn
475 1015 605 1063 uonnrr.
630 994 724 1061 condi
746 993 873 1087 fulgura
893 994 1050 1075 dicuntur,
1072 993 1235 1086 quotiens·
1259 1009 1274 1051 ⁸

126 1121 263 1191 cumque
286 1104 428 1193 pontifex
450 1104 610 1195 dispersos
631 1104 722 1195 ignes
743 1105 777 1171 in
792 1128 892 1172 unum
908 1104 1024 1196 redigit
1045 1113 1078 1170 et
1097 1104 1237 1195 quadam

126 1211 220 1277 tacita
249 1210 392 1301 ignorata
419 1235 517 1304 prece
546 1213 653 1282 locum
681 1216 870 1307 aggestione
898 1222 1121 1283 consecratum
1150 1215 1235 1281 facit

126 1317 276 1389 Lucanus
300 1316 345 1408 [l,
368 1322 466 1413 6071:
506 1318 554 1391 ‘ct
581 1327 678 1395 tacito
706 1349 782 1395 cum
803 1349 968 1395 murmure
990 1324 1098 1393 condit
1119 1324 1237 1416 datqm

125 1428 203 1501 locis
224 1428 361 1499 nomen?

210 1540 284 1608 588.
321 1564 830 1617 rnssstvnrnc.r.1nctnco.
867 1546 1022 1638 inopina.
1061 1544 1126 1616 lroc
1151 1548 1278 1628 ideo,1o

126 1651 199 1743 qtrin
219 1648 285 1717 illic
306 1674 464 1748 pauperes
485 1664 590 1725 sortes
611 1659 781 1750 accipiunt

208 1762 283 1829 591.
307 1787 348 1835 au
371 1788 460 1833 sacr.
483 1771 671 1860 negotiator.

207 1872 284 1939 592.
320 1896 405 1944 naec
428 1900 539 1948 rouen
562 1904 605 1948 so
627 1906 657 1949 r.
681 1904 749 1949 svn.
787 1880 820 1947 id
847 1888 911 1961 est,
943 1877 1025 1946 haee
1045 1900 1111 1947 non
1132 1874 1238 1947 solum

125 1991 234 2072 partus
257 1986 442 2075 periculum,
465 1990 523 2057 sed
544 1990 640 2057 etiam
661 1992 860 2060 educationis
881 1988 1021 2057 subeunt
1041 1987 1194 2057 laborem.

206 2094 283 2161 593.
305 2117 456 2166 nvrnrcrs
479 2122 510 2166 r.
533 2120 561 2165 r.
584 2110 722 2191 cogente
743 2102 878 2181 fortuna,
899 2099 933 2168 id
955 2106 1005 2167 est
1024 2108 1223 2190 paupertate.
1250 2126 1277 2170 rt

196 2206 283 2273 594.
320 2231 489 2277 evenncnn
511 2232 627 2276 necno.
665 2211 806 2293 uincet,
833 2210 949 2301 inquit,
976 2218 1013 2275 ut
1033 2210 1238 2300 puerperium

126 2316 281 2385 sustineat
301 2317 392 2387 diues
412 2318 544 2401 mulier;
566 2341 640 2387 nam
662 2322 834 2389 sterilitatis
855 2326 911 2386 aut
931 2318 1065 2387 abortus
1085 2317 1239 2411 poculum

127 2428 222 2495 sumit
255 2426 296 2495 ab
330 2428 500 2498 obstetrice
526 2438 582 2497 aut
608 2429 762 2502 malefica.
793 2452 954 2523 puerpera
980 2428 1095 2497 dicitur
1120 2428 1236 2521 puella,

125 2560 206 2629 quae
227 2539 374 2632 primitus
395 2542 486 2631 parit.

213 2649 288 2717 595.
310 2674 445 2719 rnnrvu
466 2674 578 2720 anans.
606 2651 638 2718 id
660 2660 717 2733 est,
738 2650 822 2719 illius
843 2649 974 2731 scilicet,
996 2672 1080 2744 quae
1099 2658 1156 2721 aut
1176 2672 1277 2743 po·ao

127 2758 235 2831 culum
259 2769 314 2829 aut
336 2760 491 2831 maleficia
514 2763 569 2833 dat
590 2763 627 2844 ei,
649 2768 687 2831 ut
708 2759 856 2831 abortum
876 2762 980 2830 iaciat.

123 3010 255 3069 penaeas
267 2996 378 3071 mum
387 3014 420 3055 oe
429 2995 678 3055 occotoodoueriot
690 2993 1106 3073 inspiciaturouotqaidttiuot,
1121 2994 1237 3073 mado

126 3079 153 3129 et
171 3074 275 3148 paucis
295 3090 331 3132 eu
350 3073 443 3131 tombis
460 3073 563 3132 statera
583 3076 754 3150 conscriptis
773 3071 897 3131 educuat
915 3080 1005 3132 sortes
1024 3065 1114 3131 auos?
1138 3076 1171 3131 V.

127 3154 154 3207 1.
176 3160 206 3205 nt
225 3152 286 3207 ΡΒ.
307 3169 378 3210 corr.
400 3154 537 3210 Eretriito.
656 3171 711 3227 quo
732 3150 870 3207 laetitiam
890 3150 1077 3228 praedicente
1097 3154 1237 3212 Eremito.

126 3242 200 3301 quae
218 3228 357 3287 laetitiam
377 3228 547 3304 praedicere
561 3228 686 3299 adsolet,
705 3226 782 3285 malo
801 3228 893 3285 uitare
912 3237 983 3284 noto
1002 3224 1236 3300 Solturtziloisolo.

127 3320 183 3392 quo
203 3304 282 3363 laeta
302 3306 432 3382 praedici
451 3305 528 3364 mala
547 3306 680 3363 adsolent
706 3305 790 3361 uitari
809 3314 878 3361 uota
897 3303 1066 3363 Acltuiotre.
1097 3324 1154 3381 quo
1174 3306 1238 3364 lae·

126 3382 215 3438 titiam
235 3381 407 3459 praedicere
427 3390 457 3440 ct
476 3382 552 3439 mala
573 3382 685 3440 adsolet
705 3382 796 3439 uitare
817 3391 884 3437 uota
905 3398 929 3437 c.
1005 3382 1035 3437 l.
1057 3382 1105 3456 qui
1125 3383 1161 3437 ob
1180 3380 1238 3438 lroc

128 3460 298 3517 licontnluo.
377 3459 495 3517 exhibiti
515 3462 573 3517 ΡΒ.
594 3476 667 3517 corr.
687 3476 712 3515 r.
804 3459 833 3515 5.
847 3452 947 3515 ‘condi
964 3456 1087 3532 folptrto
1103 3455 1238 3517 dictantur

127 3538 377 3613 quotienscumque
394 3534 531 3611 pontifex
551 3536 692 3613 dispersos
711 3538 792 3610 ipncs
816 3538 845 3592 in
870 3552 960 3592 ttount
979 3534 1086 3609 sedicit
1109 3542 1138 3592 ct
1164 3553 1238 3611 ortu·

128 3610 194 3669 dum
219 3616 314 3671 tooito
336 3632 416 3690 precs
441 3612 519 3671 loeus
543 3616 707 3689 oppestione
730 3606 928 3670 consecrator!
953 3614 986 3668 l'.
1103 3616 1131 3670 ti.
1152 3612 1238 3669 rediit

127 3690 184 3747 ΡΒ.
264 3700 294 3749 et
313 3710 368 3749 orn.
389 3693 447 3748 ΡΒ.
525 3694 556 3749 7.
576 3691 737 3766 ignorantia
758 3692 815 3746 ΡΒ.
834 3690 1047 3765 eorr.Lipoius
1066 3686 1106 3747 od
1117 3691 1182 3746 Sera.
1202 3686 1238 3747 do

130 3764 207 3824 olent.
229 3771 261 3836 1,
281 3772 310 3826 7.
350 3770 539 3843 ignorataqne
568 3770 691 3824 Grotius
718 3766 755 3823 od
779 3770 891 3823 Luooo.
911 3771 943 3834 l,
963 3770 1029 3824 607.
1070 3766 1238 3825 cannatas

129 3858 237 3901 exerce.
259 3844 337 3902 Plio.
357 3864 385 3920 p.
402 3849 469 3904 803.
491 3854 520 3901 ct
539 3845 670 3919 ignorata
691 3862 713 3900 c.
823 3854 852 3899 et
872 3844 965 3898 locum
986 3842 1161 3900 Salmasius.

130 3918 290 3995 algestione
309 3924 367 3979 ΡΒ.
446 3923 482 3977 rit
501 3924 560 3978 ΡΒ.
582 3939 655 3978 corr.
679 3922 847 3978 Grooooiuo
867 3918 940 3977 oleo.
961 3923 986 3987 l,
1007 3924 1054 3976 13.
1079 3920 1102 3975 it
1121 3920 1239 3977 Solotte-

129 3998 201 4054 sius.
224 4008 373 4057 consecrat
388 4000 515 4075 Lipsius.
573 4002 601 4055 8.
623 4008 651 4054 et
671 4008 748 4054 terra
769 4006 880 4054 maesto
901 4016 964 4052 curn
985 3999 1056 4054 Luc.
1115 4000 1162 4053 12.
1182 4014 1236 4054 ne·

129 4075 263 4147 gotiatori
284 4078 398 4153 segario
422 4094 452 4151 p.
480 4075 594 4150 ratgario
613 4073 712 4147 plooso
732 4090 874 4149 sarporser.
896 4076 928 4130 io
947 4077 982 4130 Ρ.
1098 4077 1146 4131 20.
1168 4072 1237 4148 quia

127 4152 186 4212 ΡΒ.
196 4168 272 4213 cort.
282 4170 307 4211 s.
384 4158 432 4212 21.
454 4150 594 4212 ueneficio
614 4170 638 4210 c.
715 4150 806 4209 faciet
824 4152 882 4209 ΡΒ.
898 4167 971 4209 corr.
989 4168 1015 4207 c.
