3025 4859
582 329 829 388 sarmavun.
1178 314 1255 392 809

141 497 189 566 cis
211 496 368 578 sollicitet,
391 495 467 566 nihil
488 506 595 567 tamen
618 502 764 592 accipies,
786 503 846 569 nisi
860 499 970 568 stellas
985 500 1017 568 in
1039 499 1149 592 genesi
1170 497 1254 567 bene

142 609 262 701 positas
282 607 439 690 habueris,
463 632 544 700 quae
566 611 622 679 tibi
641 609 704 680 hoc
727 619 877 705 prestent.

227 718 277 786 37.
302 739 526 788 sensissemus.
547 721 615 812 ipse
638 723 678 789 ad
700 747 735 790 sc
757 720 861 788 trabit

227 829 278 896 38.
302 853 390 906 ovnu
413 854 528 899 nonnis
552 856 581 899 a.
603 833 634 899 id
659 842 715 916 est,
739 833 829 902 diues
851 853 966 898 auarus
988 832 1123 898 infamis.
1146 827 1253 923 Virgi-

140 939 203 1007 lius
227 939 319 1028 [Aen.
338 937 385 1023 lll,
406 942 501 1030 214];
531 939 664 1012 ‘tristius
692 943 788 1011 habet
812 941 858 1009 illi
887 951 1066 1010 monstrum
1091 965 1153 1010 nec
1180 965 1250 1010 sae·
1276 968 1290 1009 s

140 1051 212 1118 uior
232 1045 315 1118 ulla?

227 1161 278 1228 39.
301 1185 385 1232 nnnc
410 1187 521 1232 unrnvr
543 1189 574 1232 n.
597 1165 629 1231 in
652 1163 713 1231 alio
737 1185 876 1229 nvnrsm.
964 1161 1062 1230 uerba
1085 1163 1198 1232 diuitis.

226 1273 278 1340 40.
301 1297 477 1343 courvrnr
502 1276 569 1364 [nc]
596 1299 712 1342 envas.
736 1276 840 1341 crisat.

225 1383 278 1451 41.
302 1408 370 1453 cvu
393 1409 519 1455 unauna
541 1411 571 1454 r.
594 1385 649 1454 liat
671 1386 863 1476 conputatio.

225 1495 276 1563 42.
302 1495 346 1584 [ru
367 1498 493 1585 nasus}
517 1497 598 1565 adeo
620 1496 696 1565 nihil
718 1504 767 1563 est
790 1495 874 1586 quod
897 1494 1018 1562 dedisti.
1262 1519 1290 1559 ro

227 1604 279 1672 43.
302 1629 343 1674 au
365 1629 480 1674 sacrun
503 1632 532 1675 a.
555 1633 584 1676 r.
610 1629 650 1676 an
673 1616 775 1700 putas,
799 1605 884 1698 quod
908 1607 993 1672 etin
1015 1606 1250 1699 corrumpendo

140 1713 232 1784 labor
253 1738 316 1784 non
339 1715 410 1785 est?

226 1827 278 1893 45.
307 1851 362 1904 ovr
383 1852 520 1897 ronnmr
542 1855 571 1898 n.
600 1831 632 1899 id
655 1839 719 1912 est,
747 1849 812 1898 non
835 1827 894 1895 erit
916 1827 1021 1908 miser,
1044 1828 1152 1919 quiin
1173 1850 1251 1921 agro

140 1936 274 2017 laborat,
298 1960 361 2005 non
385 1938 439 2026 (in)
463 1941 636 2010 dominum.

225 2048 277 2114 47.
301 2069 456 2118 uununvu
478 2075 508 2117 u.
530 2075 560 2121 Ρ.
581 2051 643 2120 hoe
666 2063 722 2134 est,
746 2049 924 2140 Ganymedi
946 2057 978 2116 te
1000 2071 1177 2141 comparas.
1261 2061 1289 2104 1⁵

225 2159 278 2226 48.
300 2183 360 2227 vos
381 2182 506 2229 uvurnr.
528 2164 754 2255 interrogatiue
777 2161 888 2254 arguit.

226 2270 279 2338 49.
303 2293 454 2340 cvnuonr.
475 2271 585 2354 idest,
606 2273 694 2339 tenui
716 2270 821 2338 clienti
844 2271 1116 2362 quemadmodum
1138 2280 1173 2338 tu
1195 2272 1253 2340 do·

139 2381 242 2463 nabis,
264 2382 317 2473 qui
340 2379 459 2450 libidini
481 2391 555 2450 tuae
578 2389 724 2450 conferre
747 2379 895 2450 dubitas?

226 2493 278 2559 50.
300 2515 444 2560 ruevnnv
467 2517 611 2561 vrnrnnn.
633 2501 794 2586 gemmata
816 2489 1048 2558 dextrocheria.

227 2603 278 2670 51.
310 2625 451 2671 annuum
471 2625 500 2670 u.
524 2628 552 2680 o.
575 2627 604 2671 n.
630 2603 732 2693 [vnn].
767 2593 996 2669 blatronabbirs
1018 2601 1147 2682 scilicet,
1170 2625 1294 2694 quaero

141 2723 217 2783 aunt
237 2710 377 2780 kalendis
399 2713 568 2805 Aprilibus,
592 2712 705 2805 quibus
730 2722 779 2779 est
800 2710 913 2779 natalis
935 2708 1079 2778 Veneris.

226 2825 278 2891 52.
300 2845 471 2900 nononovn
494 2847 523 2892 c.
546 2847 577 2892 n.
601 2824 812 2892 ceruicalibus
835 2824 939 2890 stratis
961 2844 1127 2889 scamnum
1150 2823 1233 2891 dicit.

226 2934 278 3000 53.
313 2957 445 3003 nunnus
467 2960 495 3002 s.
519 2962 550 3003 u.
573 2962 598 3004 s.
623 2960 653 3004 ιι.
688 2935 831 3004 kalendis
853 2935 982 3014 Martiis,
1015 2934 1047 2999 in
1069 2933 1183 3024 quibus
1205 2932 1256 3001 lu·

142 3045 236 3112 nonis
257 3067 348 3112 sacra
372 3045 573 3116 celebrantur
594 3069 614 3112 a
634 3049 804 3127 matronis,
828 3048 885 3132 (et)
908 3047 981 3136 quia
1004 3053 1080 3110 tunc
1101 3042 1155 3110 llia
1177 3066 1255 3112 con-

142 3177 254 3249 pressa
276 3165 326 3223 est
347 3180 366 3224 a
387 3156 500 3226 lllarte.
523 3166 599 3225 tuuc
619 3179 694 3224 nam
717 3152 904 3221 blatronalia
927 3163 1009 3222 sunt.
1266 3171 1294 3214 ιι

230 3267 282 3334 55.
313 3268 428 3336 Arvnn
451 3293 482 3336 τ.
506 3290 539 3335 u.
578 3265 648 3334 uult
670 3264 836 3332 ostendere
857 3265 1105 3356 magnitudinem
1128 3287 1256 3356 posses·

144 3379 270 3446 sianum
296 3387 408 3470 poeta,
441 3401 536 3471 quam
564 3376 647 3445 latae
675 3377 738 3444 siut
770 3375 870 3465 agris,
903 3375 1052 3464 quoniam
1081 3398 1141 3442 nee
1169 3375 1258 3444 milui

145 3488 346 3558 transuolare
370 3513 424 3558 eas
445 3498 589 3582 possunt.
685 3508 810 3554 rnsovn
831 3506 955 3551 nrssos.
978 3484 1009 3551 id
1034 3494 1091 3569 est,
1113 3486 1259 3556 uolentes

146 3600 285 3692 inagris
306 3601 379 3670 tuis.

146 3791 175 3850 5.
197 3787 275 3846 haud
296 3789 352 3849 illis
377 3791 532 3868 Varptltos.
600 3793 628 3849 9.
649 3787 699 3846 fiat
719 3786 887 3865 conputatio
906 3795 973 3863 post
994 3797 1141 3868 computat
1161 3791 1205 3865 (ιι.
1215 3787 1259 3864 8.)

147 3873 259 3945 ponunt
280 3869 338 3926 ΡΒ.
361 3868 426 3925 dum
447 3867 479 3926 fit
499 3867 674 3948 computatio
698 3867 728 3923 C.
742 3862 844 3922 Bortb.
930 3870 975 3924 10.
997 3868 1072 3927 adeo
1082 3866 1153 3924 nibil
1166 3884 1260 3940 aeque

149 3944 256 4002 dedisti
283 3953 350 4020 post
374 3965 436 4004 cum
458 3946 556 4004 tabula
575 3966 604 4023 p.
632 3949 746 4021 ponunt
766 3943 824 3999 ΡΒ.
940 3946 987 4002 15.
1010 3942 1181 4019 Ganymede
1201 3946 1259 4000 ΡΒ.

144 4025 192 4082 17.
219 4039 366 4098 quaenam
384 4023 537 4081 admodum
558 4017 791 4094 Sobrrrtzllaiocb.
919 4024 967 4078 20.
989 4023 1038 4099 qui
1058 4023 1116 4078 ΡΒ.
1135 4037 1209 4076 corr.
1229 4038 1260 4095 p.

140 4103 190 4158 22.
217 4109 337 4158 stratum
352 4101 491 4160 allortb.
544 4101 590 4160 24.
612 4098 781 4158 aRomanis
795 4098 854 4154 ΡΒ.
910 4099 976 4173 quia
987 4109 1055 4175 etp.
1105 4099 1153 4155 27.
1174 4114 1261 4171 quam

140 4195 197 4236 nee
227 4207 267 4219 -
288 4187 410 4256 possunt
430 4179 488 4239 PS.
510 4185 540 4236 ut
559 4197 615 4237 nec
634 4209 674 4222 ...
692 4174 807 4256 possint
824 4192 854 4253 p.
937 4176 1025 4236 miluc
1044 4176 1104 4236 ΡΒ.
1122 4189 1197 4232 corr.
1211 4191 1241 4253 p.
