3025 4859
570 382 716 439 SATVRA
734 383 806 438 Vlll.

139 578 200 627 nec
221 553 325 649 clipeo
349 554 531 625 Gracchum
552 559 750 646 pugnantem
771 558 827 618 aut
847 548 930 617 lalce
952 543 1074 636 supina.

140 667 269 736 damnat
291 666 376 734 enim
398 667 478 736 tales
499 665 640 743 habitus,
662 672 696 733 et
716 660 846 732 damnat
867 667 901 728 et
921 656 1002 738 odit,

138 799 199 847 nec
219 776 312 871 galea
334 777 449 846 taciem
470 775 646 847 abscondit
675 782 787 843 mouet
807 794 884 842 ecce
907 767 1090 849 tridentem,

139 896 310 981 postquam
332 886 456 957 uibrata
477 887 647 982 pendentia
669 887 748 953 retia
770 884 883 953 dextra

138 997 332 1091 nequiquam
356 997 479 1078 effudit,
502 997 623 1066 nudum
646 996 686 1064 ad
709 991 893 1088 spectacula
915 988 1038 1059 uoltum

138 1108 232 1200 erigit
253 1116 286 1175 et
307 1116 374 1177 tota
396 1108 476 1201 fugit
498 1106 725 1201 agnoscendus
746 1106 874 1173 harena.

139 1218 309 1288 credamus
332 1221 474 1301 tunicae,
496 1220 537 1287 de
558 1218 704 1287 faucibus
726 1240 824 1284 aurea
847 1237 922 1284 cum
943 1234 979 1280 se

138 1330 282 1423 porrigat
304 1338 337 1398 et
358 1327 456 1423 longo
478 1330 613 1399 iactetur
635 1329 719 1421 spira
742 1325 862 1419 galero.

139 1461 219 1533 ergo
241 1439 446 1533 ignominiam
470 1441 656 1534 grauiorem
677 1437 810 1533 pertulit
830 1440 917 1507 omni

139 1549 275 1619 uulnere
296 1573 370 1619 cum
395 1548 544 1619 Graccho
565 1551 672 1619 iussus
694 1571 839 1641 pugnare
860 1557 998 1617 secutor.

227 1656 343 1729 Libera
366 1660 392 1728 si
415 1661 530 1729 dentur
551 1657 672 1755 populo
693 1660 861 1751 suffragia,
884 1660 956 1751 quis
978 1666 1042 1724 tam

139 1772 300 1868 perditus,
321 1779 359 1839 ut
380 1769 503 1840 dubitet
523 1770 682 1839 Senecam
704 1769 866 1864 praeferre
887 1766 1023 1851 Neroni,

138 1884 233 1953 cuius
254 1882 411 1975 supplicio
433 1904 499 1951 non
521 1881 630 1951 debuit
652 1906 714 1951 una
736 1883 842 1974 parari

138 1994 233 2062 simia
253 2014 316 2063 nec
338 2015 470 2086 serpens
492 2016 575 2062 uuus
597 2016 657 2063 nce
680 1992 804 2062 culleus
825 1989 931 2062 unus?

139 2126 201 2199 par
223 2104 515 2197 Agamemnonidae
539 2106 674 2186 crimen,
696 2104 753 2171 sed
776 2126 874 2171 causa
896 2105 972 2173 lacit
992 2128 1061 2175 rem

140 2212 344 2297 dissimilem3
367 2216 485 2308 quippe
505 2216 559 2283 ille
581 2216 649 2283 deis
671 2213 856 2282 auctoribus
877 2213 963 2282 ultor

139 2328 242 2421 patris
265 2333 334 2395 erat
355 2326 440 2393 caesi
462 2326 567 2395 media
589 2326 670 2393 inter
691 2325 822 2418 pocula,
844 2325 902 2393 sed
924 2347 986 2395 nec

139 2436 292 2507 Electrae
313 2434 424 2528 iugulo
446 2458 482 2504 se
503 2435 619 2529 polluit
638 2443 694 2503 aut
715 2434 865 2527 Spartani

141 2548 298 2641 sanguine
320 2546 473 2639 coniugii,
494 2546 588 2615 nullis
610 2548 735 2615 aconita
759 2549 944 2640 propinquis

140 2659 286 2740 miscuit,
307 2658 340 2727 in
361 2680 458 2727 scena
480 2681 655 2751 numquam
677 2660 818 2727 cantauit
839 2656 985 2740 Orestes,

141 2768 261 2838 Troica
282 2788 348 2837 non
369 2768 504 2859 scripsit
542 2768 617 2862 quid
640 2769 725 2837 enim
747 2764 919 2861 Verginius
940 2771 1036 2838 armis

140 2878 254 2948 debuit
275 2876 385 2946 ulcisci
406 2878 525 2973 magis,
549 2888 603 2947 aut
625 2902 700 2948 cum
722 2876 859 2948 Vindice
882 2880 1000 2964 Galba,

140 2989 230 3085 quod
250 2984 338 3057 Nero
361 2998 426 3057 tam
449 3012 547 3058 saeua
569 2990 731 3083 crudaque
752 2991 920 3082 tyrannide
943 2989 1040 3061 tecit?

140 3097 224 3170 haec
247 3120 345 3191 opera
367 3106 464 3192 atque
486 3100 546 3169 hae
568 3110 642 3169 sunt
663 3103 814 3195 generosi
836 3102 987 3195 principis
1009 3112 1111 3189 artes,

142 3208 313 3305 gaudentis
334 3210 430 3279 foedo
453 3212 620 3306 peregrina
642 3213 682 3281 ad
705 3212 827 3305 pulpita
851 3222 948 3283 cantu
1192 3228 1256 3289 22⁵

143 3390 213 3445 201.
235 3385 390 3444 Graccsum
411 3390 446 3446 Ρ.
526 3394 576 3445 aut
597 3398 773 3467 pugnantem
794 3387 874 3462 cdfg.
952 3391 1070 3467 supinat
1088 3385 1108 3450 ι’
1123 3392 1203 3455 codd.
1220 3398 1258 3456 G.

145 3466 285 3522 &steros
295 3482 361 3522 nou.
373 3464 450 3521 lectt.
463 3468 540 3533 llll,
553 3468 600 3523 12.
678 3468 736 3524 202
755 3470 889 3542 sportam
904 3476 1016 3525 censent
1028 3473 1165 3545 Ruperti,
1184 3472 1258 3531 Pol·

144 3539 249 3598 domos
261 3539 417 3615 (zeitschr.
429 3540 452 3613 f.
464 3540 592 3601 Altertb.
602 3545 692 3602 ch.
702 3547 777 3603 1838
791 3562 817 3620 p.
826 3538 925 3617 1144).
947 3546 1093 3605 Emortcb.
1169 3560 1199 3609 et
1212 3569 1258 3628 pro

146 3620 272 3693 Pinzger
286 3617 389 3676 dress.
401 3636 482 3694 spor.
497 3638 527 3695 p.
540 3623 593 3677 18:
612 3620 666 3679 sed
685 3624 720 3677 P.
747 3632 776 3678 et
796 3623 908 3699 spernit
928 3633 957 3678 et
976 3622 1038 3679 odit
1058 3624 1190 3684 Orclttus.

147 3698 215 3752 203.
236 3694 321 3771 galea
340 3712 401 3771 pur:
425 3694 537 3771 galeam
557 3700 590 3755 P.
692 3697 816 3755 frontem
837 3698 883 3765 ἀς.
981 3703 1047 3758 204.
1069 3704 1180 3761 uibrata
1199 3722 1260 3782 pm:

148 3772 262 3829 bibrata
275 3775 310 3843 P,
330 3772 434 3829 librata
455 3788 502 3841 ας.
580 3776 647 3833 205.
668 3772 784 3832 effudit
797 3779 831 3832 Ρ.
911 3776 1018 3835 uoltum
1032 3784 1072 3837 P:
1092 3781 1200 3838 uultum
1219 3800 1250 3859 p.

148 3850 215 3906 206.
238 3846 459 3925 adgnoscendus
479 3868 508 3929 9.
595 3856 662 3909 212.
683 3851 816 3929 perferre
836 3856 871 3909 P.
959 3856 1025 3913 214.
1047 3857 1158 3915 culleus
1176 3858 1262 3935 abfgr

149 3925 273 3984 culleaus
290 3930 325 3983 P.
453 3932 562 4003 alosq.
586 3930 695 4008 quippe
716 3961 755 3971 —
773 3929 879 4063 pocula
896 3932 1017 3989 Saroioc
1032 3933 1069 3991 cd
1089 3936 1171 4010 Vcrp.
1190 3940 1261 3994 Aeo.

149 4004 205 4069 Xl,
215 4006 284 4062 268.
363 4002 426 4061 deis
441 4007 481 4060 P:
501 4003 557 4061 diis
577 4024 606 4079 p.
685 4010 752 4065 221.
802 4008 928 4083 erginius
946 4007 1035 4077 abdce
1054 4010 1216 4087 Vergenius
1231 4032 1260 4091 p,

149 4076 296 4156 Virginius
316 4098 358 4149 ω,
385 4080 523 4158 Virgilius
539 4081 612 4154 Psf.
738 4088 806 4141 222.
832 4082 917 4160 galba
939 4104 973 4161 pr
997 4086 1084 4162 galua
1104 4092 1139 4147 P.

149 4156 215 4215 223.
238 4156 317 4233 quod
338 4157 463 4233 Modutp
480 4176 544 4235 opp.
554 4162 589 4217 ll
601 4178 630 4235 p.
643 4164 699 4219 199
710 4179 770 4236 sq:
790 4161 859 4237 quid
879 4165 941 4220 Pur.
1026 4165 1178 4239 tyrannide
1197 4184 1260 4244 porr

148 4234 296 4306 tyrannice
316 4238 352 4293 Ρ.
448 4238 505 4293 225
525 4238 672 4294 Hierion.
687 4240 773 4308 Vm,
785 4243 830 4307 11,
840 4241 878 4297 59
891 4257 919 4315 p.
930 4242 997 4299 817.
1098 4244 1259 4320 gaudentes

147 4310 288 4370 muca.
367 4320 452 4371 cantu
473 4315 515 4387 Pp
535 4315 696 4374 Petreium:
718 4314 793 4373 saltu
814 4331 849 4374 ω.
