3025 4859
569 395 716 451 sarran
734 396 794 451 xv.
1158 379 1235 456 379

208 568 261 637 30.
283 590 408 637 uvnnvs
430 590 517 636 aevu
540 590 572 634 u.
596 591 626 637 o.
648 591 677 636 P.
702 568 789 661 quod
811 567 896 660 apud
910 568 1094 659 Aegyptum
1115 567 1236 637 tactum

127 689 215 750 esta
239 676 368 771 populo.

214 790 267 857 35.
289 812 396 858 annun
408 812 519 857 annuc
531 787 654 857 Ounos.
676 792 757 857 inter
772 789 832 857 hos
843 788 966 857 Ombos
981 800 1014 859 et
1028 789 1178 878 Tentyra.

129 902 323 993 [Turrino.
348 902 550 968 accusatiuus
565 900 705 992 pluralis,
727 910 763 969 ut
778 900 931 982 Maenala,
954 903 1066 969 ciuitas
1078 900 1226 991 Aegypti.

209 1014 262 1081 36.
285 1036 370 1089 ouon
393 1034 514 1079 uvurua
537 1034 727 1080 vroruonvu.
750 1012 837 1105 quod
858 1010 904 1079 illi
926 1012 1005 1079 aiios
1026 1012 1104 1079 deos
1126 1008 1236 1079 colunt
1259 1030 1273 1074 s

125 1125 229 1193 uicini.

210 1234 262 1303 38.
285 1256 437 1301 rnueonu
459 1258 570 1301 resno.
598 1257 673 1302 cum
696 1235 781 1302 diem
802 1234 919 1301 testum
939 1232 1085 1301 habeant.
1112 1242 1114 1244 ’

209 1345 262 1413 43.
285 1368 439 1412 rnnvrou.
463 1366 580 1411 ruono.
602 1346 689 1435 quod
711 1352 807 1411 nocte
829 1344 947 1411 fiebant
967 1342 1021 1409 illa
1043 1365 1143 1410 saera.

211 1456 263 1523 44.
302 1479 460 1523 surriuvs
488 1478 656 1523 rurnnnvrr
685 1478 753 1521 son.
792 1455 947 1521 testiuitas
978 1476 1142 1523 sacrorum
1179 1474 1237 1543 per

125 1576 251 1660 septem
273 1567 339 1634 dies
361 1564 444 1633 solet
466 1565 628 1633 celebrari.
1249 1596 1277 1639 ω

209 1680 261 1745 46.
292 1700 448 1747 sannaus.
472 1676 675 1745 Alexandria.
760 1675 904 1744 Cauoro.
925 1673 1037 1743 Latina
1060 1675 1140 1766 ripa.

209 1790 262 1855 48.
300 1810 342 1855 rr
370 1812 477 1855 onasus
505 1812 612 1865 inova
639 1810 735 1855 uano.
781 1810 823 1854 ex
850 1796 941 1879 parte
969 1786 1139 1856 ebriosum.
1172 1784 1238 1856 Te·

124 1904 249 1966 rentius
270 1923 345 1967 nam
368 1898 464 1988 [Eun.
487 1897 546 1980 llll,
568 1900 598 1979 5,
620 1898 670 1987 3]:
689 1893 809 1990 ‘neque
831 1920 898 1989 pes,
920 1919 1025 1985 neque
1046 1921 1138 1966 mens
1160 1899 1238 1966 satis

125 2035 222 2081 suum
245 2010 384 2079 officium
407 2004 498 2077 tacit.²

210 2124 264 2190 49.
288 2123 421 2212 [uronop
443 2118 610 2211 Aethiope.
717 2143 976 2198 ovauracvnovu.
998 2142 1039 2188 ne
1062 2143 1158 2213 quem
1180 2122 1276 2194 ‹te-rs

122 2232 293 2302 lactarent.

210 2347 263 2414 51.
293 2368 354 2415 sno
376 2366 537 2413 uvaurae.
561 2366 586 2409 s.
616 2342 705 2431 [uruc
728 2364 863 2411 rnrvuvu
886 2343 1012 2433 onrvu].
1044 2342 1084 2409 ab
1105 2344 1240 2413 inimicis

120 2454 240 2523 infesta
262 2456 426 2523 sobrietas.

210 2566 265 2633 52.
288 2590 373 2633 uano
396 2588 480 2633 uvea
504 2586 612 2633 toruus.
635 2564 711 2633 tuba
733 2565 832 2645 rixae,
853 2565 965 2656 inquit,
987 2566 1130 2633 conuicia
1151 2566 1239 2637 fiunt.

210 2678 264 2746 54.
288 2700 358 2746 srun
381 2698 532 2743 vvnunnn
555 2700 653 2744 uana.
676 2678 742 2743 sine
765 2678 881 2769 pugnis
903 2699 994 2767 gene.
1250 2716 1278 2759 20

211 2790 265 2855 55.
291 2810 474 2856 cunuauutn
499 2810 607 2857 ussus.
632 2785 827 2868 subauditur,
850 2795 908 2853 est.

209 2900 264 2966 56.
289 2922 418 2967 ovacra
438 2921 468 2966 Ρ.
490 2921 542 2965 aa.
566 2920 619 2963 vv.
645 2897 710 2985 [57.
732 2899 848 2987 anius}
870 2904 1007 2964 mutatas
1030 2918 1072 2963 ex
1094 2919 1217 2967 cruore.

210 3011 265 3076 59.
299 3032 429 3077 nunnus
453 3032 490 3077 sn
514 3030 674 3077 onnnvuu.
709 3030 784 3076 eum
807 3008 913 3076 adhue
933 3007 1079 3077 manibus
1100 3033 1152 3078 res
1173 3010 1241 3104 agi·

121 3132 184 3205 tur,
206 3121 317 3189 iusum
339 3128 461 3212 putant.

210 3234 265 3299 60.
289 3254 468 3300 onnuvnna.
497 3242 705 3301 mortuorum.
1252 3268 1279 3309 2⁶

210 3346 266 3411 61.
302 3364 451 3410 nrxaurrs
474 3367 509 3411 u.
531 3366 562 3409 r.
585 3366 615 3407 v.
654 3341 736 3409 bene
766 3339 888 3409 scilieet
909 3341 1042 3411 credunt
1064 3366 1099 3411 se
1120 3342 1240 3429 indere,

121 3455 178 3525 ubi
201 3464 254 3523 tot
276 3454 451 3523 rixantibus
473 3452 579 3522 nullus
600 3454 744 3521 moritur.

212 3567 267 3635 64.
290 3588 454 3633 ruoirrvur
478 3588 660 3644 ronovnnn.
696 3565 919 3652 [nounsrroab
947 3568 1172 3658 competentia,
1193 3570 1242 3639 ui·
1278 3618 1293 3643 .

122 3683 196 3750 cina
221 3678 331 3746 furori.
367 3677 453 3746 nulia
481 3698 556 3745 nam
584 3676 630 3747 sic
659 3683 733 3743 sunt
759 3673 934 3747 domestica
965 3677 1141 3746 rixantibus
1169 3679 1243 3763 tela,

121 3802 158 3861 ut
182 3812 279 3859 saxa.
1253 3818 1282 3859 aa

119 4048 149 4106 4.
171 4046 309 4115 'Tentyra
330 4038 396 4099 odd.
419 4036 654 4110 Sobrsrtzflotoob.
719 4040 835 4098 mennla
855 4043 913 4100 ΡΒ.
935 4059 1010 4099 corr.
1034 4059 1063 4116 p.
1131 4045 1160 4100 8.
1182 4048 1242 4100 sta·

121 4126 226 4183 tebant
248 4122 284 4176 P.
303 4118 430 4194 ptosount
451 4135 506 4175 om.
527 4118 560 4175 S.
655 4122 701 4176 11.
724 4118 830 4175 lactina
851 4121 882 4176 S.
903 4120 999 4177 Latini
1020 4121 1153 4195 Ruperti.
1175 4119 1241 4176 Cri-

120 4200 200 4280 spini
223 4196 321 4275 patria
341 4215 364 4254 o.
426 4199 471 4253 15.
494 4213 589 4271 neque
600 4197 659 4253 PS.
682 4194 998 4271 quaeSoburtzfleisob.
1020 4215 1095 4274 quae
1109 4214 1202 4272 aeque
1217 4214 1242 4254 o.

119 4284 170 4337 20.
192 4274 313 4355 punctis
337 4274 367 4331 G.
384 4271 485 4331 Burtb.
577 4272 625 4332 24.
648 4272 744 4330 luxum
764 4276 823 4331 ΡΒ.
840 4290 913 4332 oorr.
929 4292 958 4350 p.
1050 4276 1098 4331 27.
1119 4293 1137 4332 e
1157 4271 1242 4346 totf.
