3025 4859
578 389 724 444 servus
741 390 778 444 x.
1161 373 1237 452 317

214 557 265 624 29.
289 579 439 626 nrussru.
469 557 532 626 duo
556 557 715 648 sapientes
737 536 883 650 filosoplri
897 554 1103 625 Democritus
1123 565 1157 624 et
1170 555 1238 626 lle·

131 665 260 736 raclitus
281 677 384 750 erant,
418 689 554 761 quorum
575 667 783 736 Democritus
815 677 904 737 actus
933 667 1097 736 hominum
1126 691 1238 738 omnes

132 776 262 861 ridebat,
283 775 465 848 Heraclitus
486 802 564 848 uero
587 778 693 846 flebat.

213 890 263 956 29.
301 911 456 958 novumn
479 913 579 958 vnvu.
617 890 671 980 qui
703 889 868 957 hominum
902 891 985 957 lacta
1017 889 1148 958 ridendo
1182 891 1239 959 da·

130 1009 262 1066 innaret.
1265 1022 1278 1064 s

214 1110 568 1190 30.1›n0rveemavn
591 1136 620 1179 r.
645 1112 709 1200 [32.
731 1133 900 1179 urnruorrr
921 1113 1006 1202 sss].
1038 1111 1150 1195 idest,
1174 1135 1241 1181 nou

131 1229 180 1288 est
201 1222 364 1290 mirandus
387 1222 536 1291 adsiduus
557 1221 640 1289 illius
663 1223 753 1304 risus,
785 1221 842 1290 sed
864 1221 1041 1289 mirandum
1064 1230 1122 1306 est,
1154 1224 1240 1292 unde

130 1329 281 1400 lacrimae
302 1341 408 1400 tantae
430 1331 652 1400 habrurdarunt
672 1331 845 1402 Heraclito.

215 1442 268 1510 33.
290 1466 462 1510 runrurvo
483 1465 566 1511 rusv.
590 1445 663 1534 quia
686 1466 727 1510 ex
750 1442 860 1535 splene
881 1445 980 1510 risum
1002 1443 1113 1512 dicunt
1132 1447 1229 1538 gigni.

214 1552 268 1619 34.
304 1575 367 1620 sorr
388 1576 508 1622 russeus
530 1575 667 1622 vnsrsrs
690 1576 781 1621 rosis.
817 1555 850 1620 in
881 1553 1061 1622 ciuitatibus
1087 1553 1149 1622 illis
1175 1577 1283 1625 nonio

131 1671 221 1730 erant
243 1670 442 1752 praetextae,
472 1686 606 1755 quarum
634 1661 825 1756 Tarquinius
845 1661 974 1732 Priscus
1000 1685 1095 1732 usum
1121 1666 1243 1732 inuenit

132 1782 164 1840 et
186 1772 312 1841 Romae
332 1773 444 1843 intulit.
530 1773 702 1866 palmatam
725 1774 808 1843 dicit.

219 1885 272 1952 38.
307 1908 340 1952 ru
363 1905 481 1952 svurcr
504 1882 598 1951 10v1s.
631 1907 781 1976 mappam
803 1887 980 1954 mittentem
1003 1887 1034 1955 in
1057 1889 1143 1955 circo
1166 1911 1243 1956 con·

134 1993 241 2063 sulem
266 1993 414 2062 describit
436 2002 540 2087 poeta.
572 2018 647 2062 narn
669 1991 825 2063 ‘tunicam
845 1993 937 2064 louis’
961 1995 1133 2088 palmatam
1156 1999 1242 2078 dixit,
1285 2048 1290 2057 ,

131 2113 165 2171 et
187 2113 300 2198 togam
321 2103 418 2196 Tyria
448 2127 587 2196 purpura
615 2107 808 2188 confectam,
838 2106 902 2175 lroc
928 2116 978 2174 est
998 2103 1178 2189 ‘Serrana’,
1208 2117 1245 2176 ut
1258 2137 1283 2178 rs

131 2213 287 2308 Virgilius
312 2216 434 2307 [georg.
457 2211 492 2294 ll,
513 2213 606 2304 506]:
626 2210 676 2282 ‘ut
697 2239 825 2308 gemma
848 2219 936 2284 uiuat
957 2226 990 2284 et
1010 2216 1148 2288 Serrano
1172 2219 1246 2287 dor·

128 2327 209 2393 miat
230 2319 339 2393 ostro?

219 2437 274 2504 39.
296 2458 341 2503 sx
362 2457 480 2504 visurus
503 2458 531 2502 r.
556 2459 587 2501 r.
616 2433 779 2528 eleganter
796 2432 922 2521 ‘aulea'
951 2441 1041 2532 quasi
1059 2439 1135 2507 latis
1156 2438 1246 2508 uelis.

135 2546 257 2616 Cicero
282 2546 367 2636 [Cat.
389 2544 425 2630 ll,
451 2549 499 2628 10,
520 2545 592 2634 22]:
610 2539 705 2613 ‘uelis
728 2548 872 2630 amictos,
894 2571 958 2616 non
980 2545 1083 2642 togis?

217 2658 273 2726 40.
298 2680 432 2726 rurrrvu
456 2679 572 2727 onsuu.
600 2663 721 2722 tantam
743 2657 1002 2750 magnitudinem.
1259 2695 1287 2736 ω

221 2769 276 2836 43.
298 2791 442 2836 sessuro
466 2792 494 2845 o.
517 2791 542 2834 s.
572 2766 704 2859 uirgam,
727 2788 824 2859 quam
846 2767 994 2837 consides
1016 2778 1153 2860 portant,
1174 2772 1248 2864 quia

130 2902 232 2974 supra
256 2878 377 2970 aquilas
400 2880 527 2948 iaciunt

218 2989 276 3058 45.
298 3013 341 3056 sr
356 3012 471 3060 urvsos
486 3014 515 3058 s.
528 3011 556 3054 r.
570 2987 609 3074 Q.
632 2988 664 3056 in
680 2987 821 3055 candidis
835 2993 919 3082 togis
933 2987 1073 3057 olficium
1087 2991 1250 3062 facientes.

218 3101 275 3168 46.
298 3122 395 3168 rucrr
415 3123 541 3170 curuos.
562 3119 629 3166 non
651 3120 741 3165 amor
762 3121 874 3180 uerus,
896 3099 952 3168 sed
976 3101 1128 3191 sportula.

222 3213 277 3278 47.
314 3231 400 3278 uvrrc
423 3234 552 3288 ovoovr.
574 3233 609 3276 u.
645 3217 723 3276 tunc
750 3230 878 3300 quoque
904 3210 1024 3277 inuenit
1044 3210 1290 3282 Democritusas

132 3322 308 3390 materiam
327 3321 424 3402 risus,
458 3345 532 3389 curn
554 3319 643 3399 haec,
666 3339 749 3409 quae
770 3319 804 3384 in
824 3318 904 3386 urbe
925 3320 1021 3402 fiunt,
1042 3319 1180 3388 necdum
1202 3342 1253 3388 es-

133 3442 209 3502 sent
231 3440 377 3521 reperta,
396 3430 428 3498 id
450 3440 513 3513 est,
535 3430 637 3498 maior
658 3429 812 3495 seueritas
835 3437 867 3495 et
888 3431 993 3498 minor
1012 3431 1136 3497 uanitas
1159 3438 1254 3498 esset.

223 3541 280 3608 50.
307 3564 366 3608 svs
389 3564 473 3609 rsus
495 3562 596 3610 nasos
633 3538 698 3624 (51.
720 3561 863 3607 nrussrs
886 3545 1011 3629 cvnis).
1045 3539 1131 3631 apud
1152 3539 1254 3631 Apte·

131 3653 207 3735 rim,
231 3649 288 3718 uel
310 3649 473 3744 Megarim,
496 3675 579 3744 quae
599 3650 658 3717 luii
678 3649 780 3742 patria
801 3646 988 3718 Democriti.
1008 3647 1095 3717 stulti
1115 3671 1190 3718 nam
1212 3671 1255 3716 ex

137 3859 187 3918 14.
209 3856 292 3915 louis
313 3864 408 3932 togam
428 3854 584 3934 palmatum
605 3852 677 3910 dixit
696 3851 816 3926 Tyriam
836 3854 894 3911 ΡΒ.
921 3851 998 3911 louis
1018 3863 1047 3913 et
1066 3864 1162 3932 togam
1184 3859 1257 3914 For·

136 3938 247 3994 rarius
267 3931 301 3990 do
320 3939 442 3990 recreet.
463 3936 505 4000 ΙΙ,
525 3933 554 3989 8.
643 3933 689 3988 16.
709 3927 848 4004 Virgilius
866 3948 895 4005 p.
917 3931 998 4006 uirgo
1019 3940 1118 3990 oestae
1138 3935 1198 3990 ΡΒ.

140 4016 191 4071 16.
215 4011 298 4068 bibat
311 4039 349 4050 -·-
362 4009 516 4067 indormiat
539 4006 693 4082 Vergilius.
794 4009 842 4063 21.
856 4011 903 4066 22.
946 4011 994 4064 uia
1014 4028 1102 4086 super
1121 4028 1157 4067 ea
1176 4013 1256 4067 nor·

136 4104 302 4164 casuum.
313 4084 390 4144 lectt.
405 4089 455 4155 Vr,
466 4089 512 4144 18.
535 4103 619 4160 quarn
640 4101 729 4163 super
749 4084 780 4141 (7.
795 4083 886 4141 Bortlr
943 4102 991 4140 aa.
1004 4103 1072 4142 nus.
1087 4086 1256 4160 CLXVIII,

138 4170 190 4224 16.
286 4167 333 4222 27.
354 4172 399 4222 est
418 4164 510 4219 minor
528 4163 585 4218 ΡΒ.
598 4179 670 4220 corr.
680 4179 710 4236 p.
799 4163 847 4218 28.
866 4159 1010 4218 Abderam
1029 4159 1258 4236 semmadech.

138 4245 193 4303 29.
216 4249 252 4298 ut
272 4243 308 4300 P.
386 4239 434 4300 ael
452 4239 592 4316 negarim
611 4255 666 4298 ost.
686 4239 719 4295 S.
