3025 4859
575 406 722 462 SATVRA
740 407 812 460 vm.

140 577 190 638 tot
210 567 414 653 bellatorum,
437 575 464 642 si
485 573 603 644 luditur
624 577 695 644 alea
715 595 842 668 pernox

138 688 214 748 ante
233 677 462 766 Numantinos,
483 685 511 752 si
532 686 671 756 dormire
692 684 805 778 incipis
826 691 900 752 ortu

138 790 276 873 luciferi,
298 815 363 884 quo
385 794 475 888 signa
496 795 597 865 duces
618 805 652 864 et
673 803 778 864 castra
799 789 999 862 mouebant?

139 923 198 971 cur
219 900 432 998 Allobrogicis
453 913 487 973 et
507 929 623 1000 magna
644 904 783 999 gaudeat
805 925 860 972 ara

136 1021 233 1084 natus
252 1014 286 1082 in
307 1013 469 1084 Herculeo
490 1016 608 1086 Fabius
629 1016 710 1098 lare,
732 1016 760 1084 si
783 1015 932 1108 cupidus,
954 1013 982 1082 si

137 1147 243 1194 uanus
264 1131 297 1192 et
318 1123 472 1219 Euganea
493 1129 697 1220 quantumuis
718 1125 845 1195 mollior
867 1147 964 1217 agna,

138 1237 167 1306 si
188 1245 334 1306 tenerum
355 1238 480 1305 attritus
501 1237 663 1308 Catinensi
686 1239 813 1333 pumice
834 1235 980 1304 lumbum

137 1345 313 1441 squalentis
334 1349 472 1416 traducit
493 1371 586 1433 auos,
608 1358 798 1444 emptorque
819 1346 935 1416 ueneni

135 1458 312 1551 frangenda
333 1458 481 1527 miseram
502 1460 642 1528 funestat
661 1460 801 1554 imagine
822 1453 977 1553 gentem?

136 1577 207 1637 tota
228 1567 304 1638 licet
323 1576 450 1638 ueteres
471 1577 629 1638 exornent
648 1571 791 1663 undique
811 1591 906 1638 cerae

137 1681 235 1761 atria,
255 1676 402 1748 nobilitas
423 1678 492 1748 sola
513 1688 563 1750 est
583 1681 690 1774 adque
710 1679 804 1749 unica
826 1679 937 1746 uirtus.

138 1789 261 1859 Paulus
283 1789 336 1859 uel
357 1790 480 1859 Cossus
501 1789 554 1858 uel
574 1788 703 1860 Drusus
725 1789 868 1860 moribus
890 1797 974 1872 esto,

138 1899 201 1971 hos
223 1909 297 1970 ante
318 1901 438 1995 effigies
459 1902 618 1970 maiorum
639 1924 724 1995 pone
745 1911 890 1982 tuorum,

135 2012 334 2106 praecedant
353 2014 439 2105 ipsas
460 2011 505 2079 illi
526 2020 559 2080 te
580 2012 713 2082 consule
735 2013 852 2105 uirgas.

136 2123 243 2217 prima
264 2122 341 2190 mihi
362 2120 461 2192 debes
481 2123 577 2191 animi
599 2121 694 2191 bona.
724 2131 855 2192 sanctus
873 2120 983 2191 haberi

136 2234 343 2326 iustitiaeque
363 2241 461 2302 tenax
481 2233 574 2303 tactis
595 2233 751 2327 dictisque
772 2233 921 2316 mereris,

138 2366 284 2440 agnosco
305 2367 487 2438 procerem;
509 2344 613 2427 salue,
636 2342 818 2427 Gaetulice,
840 2366 899 2412 seu
922 2352 957 2412 tu

138 2455 279 2526 Silanus.
306 2477 511 2550 quocumque
532 2455 594 2524 alio
617 2455 657 2524 de
678 2456 833 2550 sanguine
855 2477 946 2524 rarus

139 2569 222 2638 ciuis
243 2576 277 2636 et
298 2567 446 2660 egregius
465 2566 587 2660 patriae
608 2568 766 2659 contingis
788 2566 910 2647 cunuti,

140 2679 324 2750 exclamare
344 2676 435 2760 libet,
456 2676 595 2770 populus
617 2679 704 2770 quod
724 2676 842 2746 clamat
863 2674 948 2743 Osiri

139 2791 284 2861 inuento.
314 2789 386 2882 quis
408 2789 493 2857 enim
514 2811 706 2881 generosum
729 2788 844 2856 dixerit
864 2787 964 2871 hunc,
987 2789 1042 2884 qui

138 2901 290 2993 indignus
312 2921 430 2993 genere
452 2906 485 2966 et
506 2899 672 2992 praeclaro
693 2901 823 2968 nomine
843 2907 968 2968 tanturn

139 3007 296 3104 insignis?
323 3033 442 3078 nanum
463 3012 629 3080 cuiusdam
649 3010 778 3080 Atlanta
800 3030 969 3092 uocamus,

138 3120 334 3214 Aethiopem
355 3144 507 3212 cycnum,
529 3145 662 3215 paruam
684 3129 908 3213 extortamque
930 3119 1071 3214 puellam

140 3231 308 3325 Europen,
330 3233 462 3301 canibus
483 3233 581 3327 pigris
602 3232 773 3325 scabicque
794 3241 922 3300 uetusta

140 3341 268 3413 leuibus
290 3351 323 3411 et
343 3345 449 3411 siccae
468 3342 682 3412 lambentibus
703 3366 761 3412 ora
782 3343 932 3411 lucernae

141 3477 261 3524 nomeu
282 3453 342 3522 erit
360 3454 479 3548 pardus
502 3455 591 3548 tigris
611 3454 680 3537 leo,
700 3457 728 3522 si
749 3454 825 3546 quid
847 3452 951 3522 adhuc
973 3464 1023 3520 est

142 3635 189 3690 11.
211 3639 275 3687 ortu
294 3628 349 3701 pf:
369 3639 449 3688 onus
467 3649 530 3707 por,
551 3630 651 3688 hortus
670 3629 698 3688 d.
799 3631 846 3688 14.
868 3629 928 3689 lare
949 3633 981 3688 in
1000 3629 1088 3690 litura
1107 3650 1136 3706 p.

143 3711 180 3766 15
199 3706 421 3767 nabotheum
434 3712 579 3774 mm.
696 3725 827 3783 euganeae
846 3725 907 3782 pru:
932 3727 1060 3766 cucanea
1079 3711 1138 3766 Pu.

144 3790 190 3843 16.
211 3785 325 3842 attritus
342 3803 405 3862 pto:
425 3787 528 3842 attritis
547 3789 582 3843 P.
652 3789 698 3844 17.
719 3786 843 3842 traducit
856 3782 951 3856 ΡΒῘςε
971 3785 1107 3863 producit
1126 3803 1162 3855 ω,
1180 3805 1251 3864 pro·

145 3862 232 3920 ducat
252 3860 299 3930 ἃς.
379 3867 426 3922 19.
447 3881 531 3921 caere
551 3867 586 3922 P.
671 3867 717 3919 21.
739 3862 843 3940 paulus
862 3879 922 3938 pru:
944 3864 1027 3940 palus
1048 3866 1083 3922 Ρ.
1168 3883 1200 3922 es
1220 3873 1251 3922 tu

143 3942 180 3998 II.
198 3937 339 3998 Valerius.
446 3943 494 3998 24.
515 3941 565 4032 tibi
585 3945 623 3999 II.
636 3939 782 3997 Valesius.
885 3943 932 3996 26.
954 3940 1101 4030 adgnoscq
1121 3938 1168 4011 fif.

143 4019 967 4172 attat:sul?“stultnttttuttltstiln.
1003 4015 1250 4152 ballii&

144 4174 192 4230 33.
212 4189 333 4246 cycnum
352 4172 435 4246 1³qu
458 4189 580 4247 cygnum
601 4191 637 4230 ω.
762 4189 881 4250 prauam
901 4168 991 4247 udsqg
1010 4175 1195 4230 Romaanus
1212 4169 1252 4230 od

144 4249 292 4309 Petroni
301 4267 331 4326 p.
340 4251 408 4308 325.
486 4250 534 4309 34.
555 4250 653 4309 scabie
671 4266 733 4327 pu:
751 4267 824 4308 caue
844 4250 880 4307 P.
