3025 4859
257 327 307 401 52
633 337 988 395 nrvmrrrvumms

258 518 291 578 et
311 506 428 575 lassata
449 506 526 574 uiris
547 529 608 573 nec
629 505 708 575 dum
730 507 842 574 satiata
865 507 1011 589 recessit,
1305 507 1368 574 130

258 618 465 710 obscurisque
488 618 577 709 genis
599 619 702 709 turpis
725 618 878 710 fumoque
901 615 1049 685 lucernae

257 732 352 800 faeda
375 729 533 821 lupanaris
555 726 627 794 tulit
649 727 690 795 ad
711 727 859 820 puluinar
882 728 1022 796 odorem.

258 842 468 934 hippomanes
491 861 683 930 carmenque
704 837 818 929 loquar
840 848 1032 932 coctumque
1053 861 1214 908 uenenum

258 952 469 1044 priuignoque
492 947 624 1016 datum?
655 948 774 1015 iaciunt
796 949 943 1040 grauiora
967 959 1099 1018 coactae

257 1062 391 1155 imperio
414 1082 511 1126 sexus
532 1059 761 1152 minimumque
783 1058 909 1128 libidine
931 1070 1075 1152 peccant.
1302 1071 1364 1130 135

344 1169 472 1262 Optima
494 1177 544 1235 set
565 1191 662 1260 quare
685 1168 866 1238 Censennia
888 1177 969 1238 teste
991 1169 1128 1239 marito?

258 1282 308 1351 bis
330 1283 487 1375 quingena
510 1279 610 1346 dedit:
633 1282 711 1348 tanti
732 1289 829 1349 uocat
850 1279 901 1348 ille
924 1280 1088 1374 pudicam,

140 1400 144 1409 '
260 1416 323 1462 nec
344 1390 500 1483 pharetris
521 1387 656 1458 Veneris
678 1414 787 1458 macer
809 1400 859 1458 est
880 1401 936 1458 aut
957 1389 1103 1484 lampade
1125 1393 1244 1477 leruet;

258 1504 333 1573 inde
355 1503 442 1568 iaces
464 1500 591 1581 ardent,
614 1503 745 1569 ueniunt
767 1525 786 1568 a
809 1501 883 1569 dote
907 1503 1051 1596 sagittae.

256 1613 386 1682 libertas
408 1611 537 1691 emitur,
560 1634 668 1679 coram
690 1611 766 1679 licet
786 1613 897 1679 innuat
918 1612 1021 1704 adque
1302 1619 1365 1682 140

258 1722 425 1802 rescribat,
450 1722 547 1789 uidua
570 1732 632 1804 est,
655 1720 801 1813 locuples
822 1743 906 1812 quae
927 1723 1034 1813 nupsit
1055 1745 1163 1791 auaro.

346 1833 415 1901 Cur
437 1831 593 1900 desiderio
615 1831 749 1900 Bibulae
772 1823 933 1898 Sertorius
956 1832 1069 1902 ardet?

259 1947 287 2015 si
308 1967 423 2014 uerum
445 1943 604 2023 excutias,
626 1943 738 2022 facies,
760 1963 825 2010 non
847 1965 930 2009 uxor
952 1953 1083 2014 amatur.

258 2065 324 2123 tres
346 2076 447 2146 rugae
468 2051 618 2134 subeant,
642 2061 732 2120 etse
754 2052 836 2120 cutis
858 2052 946 2120 arida
967 2050 1068 2136 laxet,

258 2165 335 2234 fiant
357 2163 482 2232 obscuri
504 2164 615 2231 dentes
638 2161 788 2254 oculique
809 2162 962 2245 minores,

251 2270 394 2367 “collige
416 2270 620 2356 sarcinulas”‚
644 2274 728 2342 dicet
747 2271 890 2352 libertus,
909 2266 967 2339 “et
989 2273 1055 2342 cxi!

257 2386 321 2454 iam
342 2384 449 2478 gratus
471 2408 506 2451 es
523 2383 619 2454 nobis
642 2393 675 2451 et
696 2406 793 2474 saepe
816 2383 1011 2474 emungeris,
1034 2385 1088 2453 cxi

258 2498 348 2564 acius
371 2504 403 2563 et
424 2490 595 2586 properal'
626 2495 713 2562 sicco
736 2494 825 2561 uenit
846 2492 944 2560 altera
966 2516 1055 2562 naso.

256 2607 377 2675 interea
398 2603 482 2674 calet
504 2613 536 2671 et
556 2613 670 2698 regnat
692 2605 859 2697 poscitque
882 2605 1031 2673 maritum

257 2727 402 2811 pastores
425 2725 457 2784 et
479 2739 575 2784 ouem
597 2715 792 2783 Canusinam
813 2713 982 2808 ulmosque
1004 2711 1030 2781 F
1032 2712 1155 2782 alcrnas
1176 2753 1220 2766 -
1263 2715 1280 2748 ⁸
1302 2729 1365 2787 150

257 2827 446 2919 quantulum
468 2828 501 2893 in
522 2822 600 2894 hoc!
621 2863 664 2876 -
686 2848 804 2919 pueros
827 2848 951 2905 omnes,
975 2826 1135 2917 ergastula
1156 2835 1236 2911 tota,

257 2938 407 3031 quodque
430 2939 516 3009 domi
537 2962 602 3008 nen
625 2944 674 3006 est
697 2935 753 3002 sed
774 2933 871 3002 habet
892 2936 1016 3003 uicinus
1038 2945 1170 3004 emetur.

254 3070 366 3118 mense
384 3051 514 3142 quidem
535 3049 667 3118 brumae
674 3098 683 3132 ,
704 3068 768 3140 quc
784 3047 855 3146 *iam
877 3054 1035 3114 mercator
1056 3044 1148 3116 lason

254 3337 320 3392 130.
341 3332 449 3393 lassata
462 3335 546 3412 pars:
564 3333 658 3392 lasata
667 3336 701 3392 P.
796 3332 848 3392 sed
865 3351 923 3390 non
940 3339 998 3391 act.
1012 3332 1073 3392 eod.
1089 3331 1209 3392 cadere.
1225 3332 1364 3412 51)υάΡὶ-

252 3409 378 3468 thaeum.
472 3416 539 3471 136.
561 3413 684 3491 optimas
704 3417 734 3470 et
752 3413 789 3469 P.
868 3412 1024 3468 censennia
1043 3410 1195 3484 PScbdfgz
1216 3413 1364 3472 Cesennia

253 3486 301 3543 uel
313 3488 476 3547 Caesennia
487 3489 531 3546 uel
542 3489 687 3546 Caesonia
702 3507 737 3546 ω.
797 3491 864 3546 137.
882 3488 1026 3564 quingena
1035 3491 1097 3546 PS:
1118 3490 1276 3568 quingenta
1291 3509 1350 3566 par.

253 3567 319 3622 138.
346 3565 489 3642 pharetris
514 3566 636 3624 Veneris
657 3569 722 3622 Ρωε
752 3564 874 3623 Veneris
900 3561 1043 3642 pharetris
1069 3581 1096 3633 ς.
1246 3567 1361 3646 lampa·

254 3637 310 3697 dae
330 3645 365 3698 P.
458 3643 553 3701 seruet
573 3659 708 3699 erasure
725 3661 757 3718 p.
849 3642 915 3700 112.
937 3639 1059 3699 Bibulae
1080 3661 1139 3718 pce:
1162 3644 1278 3702 uihulae
1298 3648 1332 3702 P.

252 3717 318 3774 116.
337 3717 407 3775 dicit
418 3717 499 3791 adse.
564 3722 621 3778 117
636 3737 691 3776 cm.
705 3717 748 3790 af.
818 3729 847 3775 ut
859 3736 947 3796 saepe
962 3719 1145 3777 N.11etnsius
1155 3719 1192 3777 ud
1202 3720 1360 3782 wudich.

251 3793 283 3848 tn
293 3793 403 3851 Stilich.
418 3799 461 3866 11,
472 3799 539 3854 327.
562 3799 720 3853 Ruminae.
733 3795 899 3853 arlPatrca.
910 3799 936 3853 1.
951 3797 1053 3870 pars.
1131 3799 1292 3857 emunceris
1313 3801 1346 3857 S.

251 3871 318 3927 151.
341 3873 509 3947 quantulum
530 3873 604 3930 enim
628 3871 684 3928 hoc
713 3874 743 3930 0.
764 3877 795 3930 F.
814 3877 963 3930 Hernruna
985 3871 1107 3946 (Rhatta.
1122 3877 1203 3932 Mus.
1225 3877 1261 3933 N.
1277 3879 1309 3934 F.
1323 3880 1360 3936 Η

249 3962 278 4019 ρ.
290 3950 343 4005 581
357 3946 426 4023 erp).
511 3953 576 4006 152.
597 3948 651 4005 sed
670 3950 748 4014 Ραςι
769 3959 798 4006 et
818 3967 853 4006 ω.
942 3949 1008 4006 153.
1030 3949 1158 4026 brumae]
1178 3943 1259 4010 ‘liber
1278 3955 1360 4013 lunii

249 4021 374 4082 Numae.
396 4033 561 4084 annotatur
574 4023 684 4094 tuen,
706 4027 749 4082 tta
760 4025 947 4082 Februarium
960 4022 1074 4096 dictam,
1094 4045 1172 4101 qaram
1180 4028 1290 4088 Februa
1300 4033 1321 4090 t.
1334 4049 1358 4093 a.

248 4099 373 4159 Plutum
390 4104 563 4161 consecrarit
583 4094 699 4159 Numa?
725 4102 922 4160 Pulnenanua.
1021 4121 1078 4179 quo
1098 4107 1139 4162 Pa
1159 4123 1224 4163 cum
1244 4125 1279 4165 ω.

248 4174 333 4235 lason
348 4195 411 4256 par:
430 4179 524 4237 lasum
536 4180 595 4238 PH.
