3025 4859
256 329 334 406 316
641 345 985 404 eunomiumne.

257 513 476 597 Crotoniates,
508 515 561 607 qui
590 539 664 585 cum
691 518 822 585 arbores
850 513 996 583 monibus
1018 513 1193 593 scinderet,
1220 510 1368 580 bracchia

259 627 327 694 eius
349 633 505 718 occupata
529 635 611 709 sunt,
634 637 667 694 et
687 651 706 694 a
728 627 810 719 lupis
833 633 1041 718 consumptus
1064 632 1123 690 est

345 737 394 804 13.
418 760 641 806 sansuovnsr.
664 737 836 830 apoplexin
858 738 943 830 passi
964 737 1151 804 moriuntur.

348 847 395 914 14.
429 845 632 916 Bnrrsrrruca
655 871 688 916 rr.
726 847 913 941 metaphora
945 847 977 914 in
1000 843 1163 914 Tiberium
1190 855 1224 913 et
1249 845 1371 914 diuites.

220 973 233 1014 ⁵
348 957 396 1023 15.
418 955 565 1026 Nsnours
590 960 711 1049 [urnrsl.
739 959 910 1050 tyrannicis
932 957 1062 1025 scilicet.

347 1071 396 1136 17.
420 1091 568 1138 cnsvsrr.
590 1070 622 1138 id
645 1079 695 1138 est
717 1093 791 1138 cum
812 1071 957 1138 iussisset
969 1065 1059 1136 Nero
1082 1090 1195 1137 omnes
1216 1068 1373 1161 praedari,

259 1178 300 1247 ad
322 1178 436 1247 domos
458 1180 593 1250 diuitum
615 1180 730 1250 milites
754 1189 972 1250 cucurrerunt

349 1292 397 1358 18.
422 1312 527 1360 uuus.
551 1289 677 1358 difficile
698 1296 731 1358 in
754 1292 868 1359 domos
889 1309 1068 1384 pauperum
1088 1288 1218 1373 uadunt,
1240 1312 1303 1360 nec
1324 1290 1371 1357 la·

260 1401 352 1472 cilius
374 1400 590 1493 periclitantur
610 1423 778 1493 pauperes.

225 1536 251 1578 ro
349 1514 397 1579 19.
420 1534 536 1580 srvos.
563 1511 639 1580 licet
659 1535 764 1604 pauca
785 1511 842 1580 tibi
862 1513 904 1579 sit
925 1520 958 1579 et
980 1511 1107 1580 modica
1129 1535 1181 1582 res
1203 1512 1372 1596 familiaris,
1494 1496 1495 1499 Ἴ

259 1624 375 1692 metuis
396 1631 504 1690 tamen
518 1623 673 1715 impetum
686 1624 792 1690 militis
807 1647 826 1692 a
841 1621 971 1690 Tiberio
993 1624 1081 1691 missi
1104 1623 1144 1692 ad
1166 1626 1373 1718 proscribtio-

259 1757 334 1802 nem
357 1741 456 1800 tuam.

345 1846 397 1912 21.
421 1867 464 1910 sn
485 1868 573 1913 nora
597 1869 639 1913 sn
662 1867 783 1914 sunau.
805 1852 841 1912 nt
858 1840 1008 1938 Virgilius
1033 1848 1128 1936 [lleu.
1149 1845 1185 1929 ll,
1207 1848 1301 1938 7551:
1316 1841 1373 1916 ‘si-

262 1953 329 2023 rnul
350 1956 419 2047 ipsa
441 1953 564 2022 silentia
586 1951 723 2024 terrent?

219 2085 249 2128 ss
347 2066 399 2132 22.
420 2087 569 2133 sannaus
585 2089 713 2134 vncos.
736 2064 806 2133 uult
827 2067 1018 2160 generaliter
1038 2068 1172 2163 intelligi
1192 2068 1256 2138 hoc
1277 2077 1375 2162 poeto

265 2175 346 2266 [aut]
369 2175 503 2268 ligurate
526 2183 557 2244 in
579 2174 753 2245 Neronem.

347 2289 399 2356 24.
421 2310 466 2355 vr
490 2310 618 2357 sraxrns
639 2311 735 2357 roro.
757 2291 821 2356 iam
844 2288 884 2357 de
906 2292 989 2358 uotis
1011 2291 1159 2384 loquitur,
1182 2294 1256 2384 quin
1271 2293 1373 2361 homi-

262 2423 320 2468 nes
342 2399 468 2491 decepti
490 2407 564 2466 sunt
585 2420 642 2490 per
665 2399 799 2466 diuitias.
901 2424 1005 2493 usque
1027 2402 1068 2470 ad
1090 2401 1260 2471 Cerealem
1282 2425 1376 2496 prae·

262 2515 382 2580 fectum
402 2513 435 2579 in
457 2511 526 2578 loro
550 2508 676 2579 ‘l'raiani
698 2533 789 2578 orcas
811 2510 990 2579 habuerunt
1011 2523 1185 2596 senatores,
1205 2516 1238 2580 iu
1261 2512 1377 2605 quibus

224 2631 431 2714 ²⁰argentum
454 2631 509 2690 aut
530 2622 681 2713 pecunias
702 2621 801 2688 tutius
824 2622 1033 2714 deponebant.
1067 2633 1238 2716 propterea
1267 2632 1301 2690 et
1327 2621 1377 2690 lo·

264 2757 321 2802 cus
342 2736 421 2826 ipse,
443 2735 474 2800 in
498 2755 562 2825 quo
586 2741 675 2798 erant
697 2755 791 2800 arcae
812 2735 945 2824 positae,
969 2733 1057 2826 Opes
1080 2733 1183 2802 dictae
1206 2743 1289 2801 sunt

346 2845 398 2912 25.
436 2867 576 2912 aeonius
599 2865 772 2912 srsvurvra.
809 2845 927 2926 idest,
954 2868 1076 2937 pauper
1104 2867 1228 2913 uenena
1250 2867 1315 2914 non
1337 2845 1377 2910 ti-

263 2967 338 3025 met
433 2976 622 3022 rrcrursvs.
654 2952 736 3020 bene
757 2963 870 3046 poeta,
892 2966 930 3023 ut
951 2955 1134 3024 ostenderet
1154 2964 1377 3048 paupertatem

265 3069 435 3134 innocuam
459 3089 477 3131 a
499 3066 628 3132 crimine
651 3072 684 3131 et
704 3065 829 3132 diuitias
856 3065 947 3134 molis
969 3087 1154 3158 oppressas,
1183 3088 1261 3133 uasa
1282 3075 1376 3160 poto-

222 3191 248 3233 ²⁵
265 3179 310 3246 rio
333 3176 374 3246 ad
397 3175 672 3244 demonstrandam
697 3174 914 3243 diuersitatem
936 3178 1051 3269 posuit

349 3289 401 3354 27.
424 3309 670 3354 ennarrans.
687 3311 712 3354 s.
734 3285 844 3354 uinum
859 3309 877 3353 a
893 3287 993 3356 Setio.
1076 3289 1109 3354 in
1126 3295 1246 3367 aurata,
1267 3285 1376 3378 inquit,

265 3399 337 3469 liola
360 3423 433 3468 cum
457 3400 567 3466 uinum
590 3397 768 3466 coloratum
790 3398 962 3488 acceperis,
985 3397 1061 3464 time
1081 3419 1216 3466 uenena.
1310 3391 1376 3463 ‘ar-

265 3505 400 3580 dentem’
429 3509 502 3577 ideo
525 3512 599 3603 quia
620 3513 732 3579 uinum
754 3508 947 3601 splendescit
967 3509 1000 3578 in
1021 3531 1108 3576 auro.

264 3817 292 3873 1.
315 3810 498 3870 Crotoniates
519 3813 577 3868 ΡΒ.
592 3829 665 3871 corr.
678 3831 708 3889 p.
806 3812 938 3868 arborem
958 3828 983 3868 c.
1085 3811 1132 3870 1⁵.
1154 3817 1185 3867 ut
1204 3809 1378 3887 generaliter

263 3893 322 3950 ΡΒ.
335 3907 409 3949 corr.
421 3908 446 3948 a.
527 3887 777 3947 leonnatus.
858 3888 975 3947 Nerone
996 3889 1054 3945 ΡΒ.
1066 3905 1140 3947 corr.
1155 3906 1180 3947 a.
1261 3891 1308 3948 17.
1329 3887 1377 3964 qni

264 3971 323 4028 ΡΒ.
335 3987 411 4027 coar.
423 3986 447 4026 o.
547 3971 593 4025 18.
616 3966 863 4044 usque—dictae
880 3974 946 4023 sunt
966 3963 1006 4021 ad
1024 3967 1062 4025 25
1081 3972 1148 4042 port
1166 3966 1248 4024 timet
1289 3970 1378 4025 orm

265 4049 324 4106 PS.
403 4043 551 4104 Celealem
572 4045 605 4101 Β.
683 4049 730 4103 19.
752 4044 874 4100 Troiani
895 4043 952 4100 ΡΒ.
973 4060 1047 4101 corr.
1066 4062 1095 4119 p.
1172 4047 1221 4100 21.
1243 3984 1288 4099 ad
1302 4041 1376 4118 Opis

265 4126 404 4182 Eremtto.
483 4123 530 4180 24.
553 4121 717 4180 discrimine
739 4122 770 4179 G.
784 4119 887 4178 Bor-tl.
967 4123 1016 4178 27.
1037 4122 1193 4180 ceterarum
1208 4119 1377 4199 acceperitis

266 4203 324 4259 ΡΒ.
344 4217 417 4260 corr.
438 4218 467 4277 p.
489 4199 613 4258 colatum
633 4197 817 4258 Elotealrorrt
834 4195 894 4256 tad.
911 4197 1026 4276 Apulei.
