3025 4859
236 335 289 411 44
617 349 652 402 D.
670 348 757 404 IVNII
777 348 973 403 IVVENALIS

241 521 266 586 si
289 521 338 585 uis
361 527 396 585 tu
417 515 500 599 fieri,
521 515 627 584 nullus
650 515 706 585 tibi
728 517 880 609 paruolus
902 515 974 587 aula

237 629 349 697 luserit
367 627 493 694 Aeneas
515 651 576 695 nec
598 626 660 694 filia
682 626 806 696 dulcior
826 627 890 696 illo.

239 738 424 829 [iucundum
447 748 480 806 et
502 762 612 806 carum
632 738 747 807 sterilis
770 739 845 806 iacit
865 762 948 806 uxor
971 741 1121 830 amicum]

239 860 288 917 set
309 858 362 917 tua
386 871 471 916 nunc
492 847 617 939 Mycale
639 851 741 942 pan’at
761 848 837 916 licet
859 859 891 918 et
912 871 1030 942 pueros
1052 858 1117 916 tres

238 962 271 1028 in
291 962 447 1052 gremium
469 962 567 1050 patris
590 961 698 1027 [undat
718 958 834 1041 semel,
856 962 924 1052 ipse
946 960 1072 1052 loquaci

241 1070 391 1164 gaudebit
413 1070 502 1150 nido,
523 1070 657 1137 uiridem
680 1067 809 1137 thoraca
830 1070 951 1138 iubebit

240 1181 355 1249 adferri
377 1181 586 1272 minimasque
608 1203 707 1248 nuces
730 1203 899 1272 assemque
922 1191 1070 1274 rogatum

241 1315 279 1360 ac
301 1314 460 1372 mensam,
484 1292 632 1383 quotiens
654 1294 811 1383 parasitus
833 1294 958 1360 uenerit
978 1293 1089 1360 infans.

240 1402 355 1469 uilibus
378 1403 531 1494 ancipites
553 1404 641 1494 [ungi
661 1410 820 1492 ponentur
842 1404 965 1485 amicis,

241 1514 368 1582 boletus
391 1514 534 1595 domino,
557 1521 607 1579 set
629 1512 739 1605 quales
763 1511 918 1581 Claudius
941 1514 1006 1581 edit

242 1633 314 1691 ante
336 1623 425 1691 illum
447 1624 571 1704 uxoris,
592 1632 784 1716 postquem
807 1623 850 1690 nil
872 1623 1006 1716 amplius
1030 1625 1102 1692 edit.

242 1733 335 1804 Virro
358 1735 417 1802 sibi
439 1742 472 1801 et
492 1733 621 1826 reliquis
639 1731 829 1802 Virronibus
850 1735 903 1802 illa
925 1734 1046 1803 iubebit

242 1868 338 1939 poma
361 1845 440 1926 dari,
462 1866 599 1938 quorum
621 1841 691 1912 solo
713 1847 853 1935 pascaris
876 1845 989 1928 odore,
1136 1829 1139 1836 ¹

242 1956 346 2050 qualia
369 1967 542 2048 perpetuus
563 1955 746 2023 Phaeacum
769 1963 940 2024 autumnus
962 1955 1114 2037 habebat,
1221 2015 1224 2020 .

242 2069 373 2136 credere
396 2091 478 2160 quae
499 2069 604 2160 possis
625 2064 775 2157 subrepta
798 2065 959 2133 sororibus
980 2066 1079 2149 Airis;

243 2189 278 2247 tu
302 2178 407 2246 scabie
429 2180 541 2245 frueris
564 2177 653 2258 mali,
676 2176 762 2269 quod
783 2179 814 2244 in
838 2200 957 2269 aggere
978 2177 1060 2244 rodit

243 2292 297 2383 qui
319 2290 436 2382 tegitur
457 2311 567 2379 parma
590 2298 622 2356 et
644 2286 735 2378 galea
757 2297 967 2380 metuensque
989 2285 1106 2379 flagelli

244 2400 336 2467 discit
358 2398 397 2465 ab
420 2397 539 2466 hirsuta
561 2399 700 2466 iaculum
723 2406 870 2490 torquere
894 2397 1025 2490 capella.

243 2512 374 2577 forsitan
396 2510 560 2600 impensae
585 2507 753 2576 Virronem
776 2533 908 2601 parcere
932 2509 1059 2592 credas;

243 2621 306 2690 hoc
328 2624 408 2714 agit,
430 2628 466 2687 ut
488 2618 613 2702 doleas3
636 2643 711 2688 nam
733 2644 816 2712 quae
839 2620 1020 2700 comoedia,
1043 2619 1158 2685 mimus

245 2735 315 2824 quis
337 2731 449 2799 melior
471 2729 616 2824 plorante
638 2729 736 2823 gula?
769 2752 846 2822 ergo
870 2731 975 2797 omnia
996 2729 1088 2810 fiunt,

246 2847 271 2910 si
293 2843 412 2922 nescis,
434 2850 469 2909 ut
490 2865 548 2932 per
569 2841 716 2909 lacrimas
738 2840 900 2909 effundere
923 2840 1019 2908 bilem

246 2954 370 3046 cogaris
392 2973 568 3044 pressoque
591 2952 645 3019 diu
667 2953 799 3020 stridere
823 2950 943 3019 molari.
1289 2962 1349 3018 160

245 3191 311 3246 138.
333 3187 376 3243 uis
397 3196 427 3244 tu
447 3184 510 3244 fieri
531 3202 570 3242 ar:
596 3187 638 3242 uis
659 3214 696 3242 aa«
715 3185 778 3245 fieri
792 3191 827 3259 P,
848 3188 891 3244 uis
908 3196 978 3244 tuno
994 3183 1055 3243 fieri
1073 3203 1092 3260 9
1108 3181 1168 3242 eod.
1181 3183 1353 3243 DrosdrrnsIs

246 3270 282 3324 D.
296 3267 362 3322 153.
454 3267 520 3321 139.
541 3262 641 3320 luserit
661 3283 722 3340 pur:
744 3265 851 3322 luserat
867 3269 901 3322 P.
992 3265 1050 3321 140
1068 3265 1187 3352 apiarius
1206 3269 1260 3319 est.

245 3347 311 3400 141.
332 3340 443 3416 mycale
463 3337 550 3415 pdfer
569 3342 682 3416 mygale
694 3344 753 3411 PS,
773 3341 875 3398 micale
896 3338 1035 3414 obsepitur,
1055 3339 1160 3415 migale
1172 3335 1202 3395 Σ
1219 3339 1354 3397 Doroille

244 3418 281 3477 od
297 3417 410 3476 cteris.
424 3437 453 3494 p.
462 3420 530 3474 247.
628 3421 695 3476 142.
717 3418 806 3476 semel
826 3422 866 3475 P:
887 3417 970 3474 simul
991 3436 1045 3494 par.
1144 3417 1209 3474 143.
1231 3416 1352 3474 uiridem

245 3497 302 3553 cito
318 3495 407 3571 rbaga
422 3499 459 3552 L.
471 3498 539 3566 don,
563 3496 704 3565 Gyomas.
718 3497 809 3570 Zeitg.
824 3499 898 3553 1842
909 3498 1014 3570 paea.
1095 3494 1159 3551 144.
1180 3493 1288 3550 adferri
1298 3493 1353 3566 Pf:

245 3571 344 3630 afferri
364 3590 399 3641 m,
420 3571 527 3629 auferri
548 3569 610 3627 add.
685 3577 750 3630 145.
772 3591 807 3628 ac
822 3576 860 3629 P:
882 3571 919 3628 ad
936 3589 971 3629 m.
1041 3572 1107 3628 146.
1129 3581 1273 3647 ponentur
1291 3589 1352 3647 pro:

246 3649 434 3729 portenturS,
445 3651 621 3727 poreutan.
682 3651 746 3708 147.
760 3649 890 3705 dominos
902 3658 969 3724 etp.
1033 3646 1204 3722 qualesPor‚
1219 3645 1311 3722 qualis
1323 3667 1352 3725 p,

246 3727 360 3803 qualern
382 3742 408 3792 ς.
430 3725 542 3783 boletus
563 3725 688 3796 domino,
708 3727 789 3802 fungi
807 3735 950 3804 ponentur
965 3725 1064 3781 amicis
1082 3723 1185 3780 uilibus
1202 3724 1352 3800 ancipites,

246 3823 296 3861 seu
315 3802 416 3878 quales
432 3798 650 3874 annuntiasset.
730 3805 796 3864 148.
818 3814 982 3881 postquem
996 3819 1059 3877 pror
1078 3807 1232 3878 postquam
1250 3805 1276 3858 P
1288 3800 1351 3859 sod.

249 3877 441 3952 Gapbnconsis
458 3884 486 3935 2.
571 3881 626 3937 146
637 3911 673 3921 -
685 3883 740 3941 148
760 3884 873 3958 spartos
884 3877 969 3936 babet
981 3878 1116 3936 Heirreolro
1126 3881 1212 3935 onim.
1224 3897 1253 3954 p.
1265 3882 1312 3936 32.

246 3961 312 4016 151.
334 3955 475 4034 pheacum
489 3959 524 4013 P.
597 3961 663 4015 152.
684 3959 821 4038 subrepta
834 3956 889 4030 Ps:
909 3975 1009 4088 surrep

246 4045 477 4111 turparmapm:
496 4035 554 4109 tegi
565 4051 666 4112 parma
680 4040 715 4093 P.
787 4038 853 4093 155.
874 4043 971 4109 yrsuto
1011 4051 1036 4100 c,
1067 4001 1352 4112 rimato—Capella

246 4108 311 4168 Yso
325 4109 449 4168 Villiom.
460 4113 577 4168 animm.
593 4113 660 4184 VH,
672 4117 700 4170 3.
727 4115 873 4179 Emerita,
893 4108 1086 4184 Lindcnbrop.
1173 4112 1239 4168 156.
1261 4129 1352 4187 quae-

247 4205 294 4244 ras
314 4205 342 4244 o.
427 4191 493 4247 157.
515 4185 646 4246 comedin
665 4192 699 4246 P.
785 4192 851 4248 158.
872 4187 1006 4266 plorante
1025 4187 1092 4263 gula
1111 4185 1213 4246 melior
1232 4185 1295 4255 ose.

1011 3965 1040 4012 ta
1056 3973 1116 4088 par.
1195 3954 1261 4014 154.
1276 3956 1353 4014 tevi-
