3025 4859
263 345 338 421 124
639 358 674 411 n.
693 354 783 415 uun
801 352 997 409 rrvnusus

264 534 296 593 et
316 522 497 591 natalicium
520 526 663 617 cognatis
685 545 806 615 ponere
827 522 962 602 lardum,

263 634 435 704 accedente
457 656 551 716 noua,
573 637 598 701 si
622 657 717 726 quarn
740 633 836 702 dabat
856 632 970 713 hostia,
992 655 1097 701 carne.

265 753 474 837 cognatorum
496 743 608 837 aliquis
631 744 722 811 titulo
745 754 795 811 ter
817 742 956 812 consulis
978 753 1075 835 atquc

265 864 441 923 castrorum
463 856 602 946 imperiis
625 864 657 922 ct
680 855 842 923 dictatoris
863 854 986 921 honore

265 968 392 1034 lunctus
415 966 455 1033 ad
477 964 533 1031 has
556 964 666 1057 epulas
689 966 782 1034 solito
806 967 959 1032 maturius
980 964 1054 1045 ibat,

266 1086 408 1144 erectum
431 1074 550 1143 domito
574 1077 715 1144 relerens
737 1100 755 1143 a
778 1085 887 1143 monte
909 1074 1057 1166 ligonem.

265 1210 340 1254 cum
362 1195 534 1254 tremerent
557 1196 663 1253 autern
685 1186 801 1255 Fabios
823 1188 1002 1275 durumque
1025 1182 1184 1251 Catonem

265 1308 299 1364 et
320 1296 460 1363 Scauros
483 1306 515 1363 ct
535 1297 706 1377 Fabricios,
728 1306 891 1388 postremo
913 1316 1045 1361 seueros

266 1408 407 1476 censoris
430 1430 536 1474 mores
559 1409 653 1477 etiam
676 1406 800 1500 collega
823 1408 957 1487 timeret,

266 1540 360 1586 nemo
382 1518 463 1583 inter·
486 1540 578 1585 curas
601 1530 634 1587 et
655 1521 735 1586 seria
759 1518 850 1585 duxit
871 1516 1061 1596 habendum,

267 1628 368 1721 qualis
391 1630 421 1695 in
445 1626 575 1696 Oceano
599 1630 698 1697 fluctu
720 1629 847 1696 testudo
870 1636 1003 1706 nataret,

266 1739 389 1809 clarum
411 1737 601 1831 Troiugenis
623 1742 744 1807 lactura
767 1749 800 1807 et
820 1736 926 1805 nobile
948 1736 1094 1818 fulcrum,

268 1848 325 1917 sed
348 1849 432 1915 nudo
455 1847 554 1915 latere
577 1858 609 1915 et
631 1852 737 1941 paruis
761 1850 847 1916 frons
869 1870 963 1914 aerea
984 1846 1076 1914 lectis

268 1958 331 2026 uile
355 1960 496 2026 coronati
518 1968 613 2049 caput
636 1960 825 2028 ostendebat
846 1957 944 2036 aselli,

269 2069 309 2136 ad
332 2069 417 2161 quod
440 2066 549 2136 lasciui
571 2068 723 2138 ludebant
744 2072 825 2137 ruris
848 2068 975 2136 alumni.

271 2178 364 2267 [tales
388 2201 464 2269 ergo
487 2178 558 2260 cibi,
581 2180 682 2271 qualis
705 2180 820 2248 domus
843 2189 939 2270 atque
962 2180 1131 2272 supellex]

269 2299 346 2357 tunc
368 2289 455 2355 rudis
478 2297 509 2356 et
532 2288 643 2357 Graias
666 2292 772 2357 mirari
793 2291 920 2358 nescius
943 2300 1027 2358 artes

271 2398 401 2467 urbibus
425 2402 544 2467 euersis
567 2402 757 2492 praedarum
780 2402 813 2467 in
834 2409 924 2491 parte
947 2410 1072 2493 reperta

271 2534 460 2604 magnorum
483 2512 637 2580 artificum
659 2513 826 2605 frangebat
848 2511 964 2603 pocula
985 2512 1085 2594 miles,

271 2632 308 2691 ut
329 2621 467 2715 phaleris
489 2622 644 2712 gauderet
667 2646 752 2705 ecus,
777 2622 961 2714 caelataque
983 2624 1082 2691 cassis

271 2731 447 2800 Romuleae
470 2730 637 2801 simulacra
660 2734 745 2801 lerae
768 2755 992 2801 mansuescere
1013 2736 1118 2803 iussae

271 2845 394 2933 imperii
416 2845 490 2923 lato,
509 2842 653 2934 geminos
675 2841 734 2909 sub
757 2866 837 2934 rupe
860 2843 1018 2928 Quirinos,

271 2976 310 3021 ac
332 2954 450 3019 nudam
473 2950 609 3044 effigiem
633 2951 734 3043 clipeo
759 2955 914 3020 uenientis
937 2963 971 3021 et
990 2953 1082 3022 hasta

272 3062 500 3156 pendentisque
524 3061 574 3129 dei
597 3066 737 3155 perituro
762 3065 946 3131 ostenderet
966 3064 1058 3133 hosti.

271 3276 319 3333 85.
342 3271 425 3331 daret
445 3272 525 3345 odsg.
604 3292 718 3332 carncrn
740 3273 800 3349 [pc.
890 3280 938 3335 89.
959 3284 988 3334 ct
1008 3284 1116 3333 rectum
1136 3276 1170 3333 8.
1261 3282 1308 3334 90.
1329 3274 1380 3332 ad·

273 3350 328 3407 linc
351 3350 495 3408 Heiarlob.
594 3358 640 3411 91.
662 3361 809 3430 postremo
829 3357 869 3410 P:
889 3352 1031 3428 rigidique
1052 3371 1087 3409 aa.
1204 3353 1381 3411 981166136-

273 3426 339 3483 durn
360 3444 420 3502 pur:
441 3427 602 3487 lrabendarn
624 3433 658 3487 Ρ.
776 3432 822 3486 st.
844 3448 955 3486 oceano
976 3432 1020 3495 Ρς
1036 3432 1075 3486 Ν.
1090 3432 1229 3487 Heinsius
1242 3428 1281 3487 ad
1292 3429 1382 3487 Glau-

269 3502 348 3561 dioa.
364 3503 451 3579 epist.
462 3509 510 3565 88.
525 3508 691 3564 sti-toarno
703 3524 768 3582 opp.
779 3505 849 3581 pbil.
860 3508 950 3581 p.40:
971 3506 1072 3564 oceani
1083 3524 1117 3563 ω.
1191 3510 1238 3564 95.
1255 3518 1283 3564 et
1293 3504 1383 3577 Podf:

273 3598 307 3637 ac
329 3598 363 3637 ω.
442 3581 584 3641 sulcbrarn
605 3587 638 3640 P.
738 3589 785 3641 96.
807 3584 887 3639 nullo
908 3586 941 3641 S.
1043 3586 1090 3642 97.
1112 3585 1171 3641 uite
1192 3586 1364 3641 Hanninius.

273 3658 417 3713 coronatis
429 3661 559 3733 Bapeni,
580 3660 896 3719 coronatae—asellae
907 3662 1024 3735 Sooppo
1033 3659 1096 3719 coll.
1111 3666 1136 3727 1,
1147 3665 1195 3718 21.
1261 3668 1299 3720 99
1312 3679 1381 3737 sps-

271 3734 661 3794 rittntessouidillieinricb.
751 3743 816 3794 100.
838 3746 897 3793 trun
917 3734 998 3807 udfq.
1076 3739 1156 3795 rudis
1175 3756 1235 3814 pro:
1255 3739 1328 3795 ruris
1348 3742 1382 3795 Ρ.

272 3810 376 3865 imitari
395 3828 423 3884 9.
509 3818 573 3870 103.
595 3814 694 3870 faleris
714 3832 741 3888 9.
821 3832 913 3888 equas
933 3832 994 3889 pro,
1015 3834 1099 3872 secus
1120 3820 1154 3873 Ρ.
1232 3814 1383 3891 celataque

274 3887 348 3942 rasis
369 3889 404 3942 P.
567 3894 631 3948 105.
654 3910 732 3947 ruane
756 3892 786 3947 c.
801 3888 1069 3966 Bartbiasobleqns.
1084 3895 1147 3949 orit.
1160 3895 1202 3960 11,
1214 3896 1241 3948 2.
1256 3891 1382 3949 adsistas.

272 3966 371 4031 XXX,
382 3967 409 4021 2.
510 3970 575 4024 106.
597 3968 625 4024 in
647 3966 740 4044 clipeo
764 3972 801 4024 11.
815 3966 959 4024 Valesius.
1038 3970 1179 4026 uenientis
1200 3966 1305 4044 Pngs
1325 3968 1382 4024 sul·

273 4041 366 4115 gentis
388 4060 423 4098 ra.
503 4046 538 4100 ab
560 4044 642 4100 hasta
663 4048 688 4103 1.
705 4041 925 4102 Masechrlre
939 4048 1054 4120 Vpat.
1158 4050 1223 4105 107.
1245 4046 1383 4103 frenden-

274 4120 368 4191 tisquc
380 4116 564 4178 Hildsbruad.
577 4120 614 4177 ad
625 4120 712 4197 Apad.
724 4126 742 4181 1
750 4124 852 4199 pust
932 4123 1151 4203 pendentesque
1173 4122 1244 4180 deos
1264 4124 1386 4200 Lipsiae

275 4192 367 4250 anull.
380 4193 695 4267 admd.1som.1u‚2.
775 4198 932 4256 ostenderit
946 4201 978 4256 8.
