3025 4859
582 385 816 443 srrvmvm.
1206 366 1256 441 97

144 558 248 651 adque
270 558 357 641 ideo,
379 565 549 651 postquam
572 558 612 626 ad
635 557 785 627 Cimbros
808 564 1013 648 stragemque
1035 550 1187 621 uelabant

144 672 196 762 qui
217 690 393 761 numquam
415 670 585 761 attigerant
608 672 726 737 maiora
750 669 907 737 cadauera
928 667 1033 747 corui,

143 778 258 849 nobilis
280 789 410 848 ornatur
431 780 521 849 lauro
546 780 668 874 collega
692 781 842 850 secunda.

140 888 285 984 plebeiae
307 890 481 959 Deciorum
503 892 636 974 animae,
657 891 781 985 plebeia
803 894 930 959 luerunt

143 1003 286 1069 nomina:
308 1025 368 1095 pro
390 1004 465 1069 totis
486 1000 664 1095 legionibus
686 1003 717 1071 hi
741 1010 849 1070 tamen
870 1010 903 1069 et
924 1022 983 1092 pro
1194 1000 1256 1059 255

143 1112 291 1180 omnibus
314 1112 438 1180 auxiliis
460 1113 562 1207 adque
585 1116 672 1181 omni
694 1113 779 1205 pube
799 1112 912 1181 Latina

142 1222 304 1290 sufiiciunt
326 1223 373 1290 dis
394 1223 523 1292 internis
544 1233 713 1317 terraeque
734 1224 871 1314 parenti,

140 1330 241 1426 pluris
264 1334 348 1400 enim
369 1332 472 1417 Decii,
494 1357 589 1427 quam
612 1358 694 1426 quae
717 1342 885 1401 seruantur
906 1330 946 1399 ab
968 1330 1037 1398 illis.

144 1441 257 1511 ancilla
278 1453 373 1512 natus
396 1444 538 1513 trabeam
560 1452 592 1512 et
616 1444 759 1512 diadema
783 1444 907 1529 Quirini

143 1562 176 1621 et
197 1555 300 1623 fasces
323 1554 438 1620 meruit
460 1576 572 1646 regum
594 1554 723 1623 ultimus
745 1555 799 1621 ille
820 1554 987 1621 bonorum.
1194 1561 1257 1615 260

144 1664 269 1756 prodita
289 1662 441 1733 laxabant
462 1673 626 1756 portarum
648 1665 787 1734 claustra
809 1666 950 1756 tyrannis

144 1775 292 1844 exulibus
313 1776 447 1843 iuuenes
469 1776 568 1869 ipsius
589 1776 728 1845 consulis
751 1784 784 1845 et
805 1798 888 1869 quos

143 1908 297 1979 magnum
319 1884 437 1977 aliquid
460 1884 553 1954 dubia
575 1909 634 1978 pro
656 1885 801 1954 libertate
824 1886 962 1967 deceret,

143 1998 231 2090 quod
252 1998 421 2064 miraretur
442 2018 516 2063 cum
539 1995 664 2065 Coclite
686 1995 812 2065 Mucius
834 2005 867 2063 et
889 2018 972 2088 quae

141 2108 265 2200 imperii
286 2104 364 2175 fines
387 2104 572 2175 Tiberinum
593 2108 685 2199 uirgo
707 2107 836 2174 natauit.

144 2216 271 2287 occulta
292 2216 333 2284 ad
355 2225 460 2307 patres
482 2218 634 2310 produxit
655 2219 786 2286 crimina
808 2240 920 2286 seruus

143 2327 296 2408 matronis
317 2324 490 2419 lugendum
513 2335 546 2395 at
566 2326 637 2397 illos
659 2326 793 2397 uerbera
815 2310 906 2397 iustis

143 2437 293 2506 adficiunt
313 2439 425 2527 poenis
448 2444 480 2505 et
501 2438 610 2531 legum
632 2440 732 2530 prima
756 2440 886 2506 securis.

228 2546 315 2615 hlalo
337 2557 427 2641 pater
451 2546 506 2615 tibi
528 2550 568 2614 sit
589 2547 762 2631 Thersites,
784 2537 957 2616 dummodo
980 2556 1015 2613 tu
1036 2546 1081 2612 sis

144 2657 305 2726 Aeacidae
327 2657 435 2725 similis
457 2656 657 2751 Vulcanique
679 2682 767 2727 arma
789 2681 947 2751 capessas,
1193 2666 1257 2723 270

145 2790 243 2859 quam
266 2776 296 2837 tc
318 2764 484 2837 Thersitae
506 2768 641 2837 similem
664 2769 819 2860 producat
839 2765 989 2835 Achilles.

145 2884 307 2946 ettamen
329 2886 364 2945 ut
385 2878 481 2972 longe
503 2886 631 2971 repetas
652 2878 815 2972 longeque
836 2876 985 2946 reuoluas

145 3008 274 3079 nomen,
296 2984 336 3054 ab
358 2988 466 3057 infami
488 2998 617 3081 gentem
640 2988 773 3057 deducis
794 2987 899 3079 asylo:

145 3100 303 3166 maiorum
324 3098 446 3190 primus
468 3099 610 3192 quisquis
630 3098 690 3165 luit
711 3096 765 3167 ille
787 3106 925 3178 tuorum,

145 3216 202 3277 aut
224 3216 333 3302 pastor
353 3208 413 3277 fuit
433 3214 489 3278 aut
508 3207 587 3277 illud
609 3206 695 3303 quod
718 3208 824 3276 dicere
841 3206 925 3275 nolo.
1194 3213 1257 3273 275

145 3454 214 3511 25¹.
236 3450 311 3510 adeo
332 3454 471 3512 Eremitu.
568 3450 635 3511 254.
656 3450 771 3530 plebeis
791 3453 850 3509 PS.
967 3451 1034 3507 256.
1055 3445 1164 3524 adqure
1183 3450 1220 3503 P.

146 3531 225 3606 pube
236 3528 354 3604 Pspte:
374 3530 506 3608 plebem.
585 3532 653 3587 257.
675 3529 719 3586 dis
733 3532 773 3585 P:
793 3528 848 3585 diis
861 3546 891 3603 p.
981 3529 1039 3584 258
1049 3526 1183 3600 spurium
1193 3541 1260 3579 oen-

146 3612 191 3663 002
204 3604 409 3663 Dubreeudou.
421 3610 463 3664 II.
477 3608 579 3682 paen
660 3624 745 3683 quam
767 3606 814 3681 qui
832 3622 859 3671 ς.
975 3606 1042 3660 260.
1064 3602 1179 3657 ultimus
1198 3617 1260 3675 pur:

147 3682 275 3741 strumus
295 3687 329 3741 P.
393 3685 460 3740 264.
482 3682 613 3741 Choelite
633 3687 669 3741 P.
732 3683 840 3739 Murius
859 3680 919 3757 fos·
980 3678 1259 3737 et—-natauitSer-

147 3758 450 3836 otusustrp.Aen.
466 3761 772 3834 V111‚474.xr‚5ss.
835 3762 903 3816 266.
915 3756 1027 3815 occulta
1036 3754 1212 3833 purroccult*
1223 3756 1258 3812 P.
1310 3814 1314 3819 ,

147 3836 285 3912 produxit
303 3842 343 3894 Pr
363 3837 463 3896 eduxit
482 3855 518 3896 ω.
634 3841 700 3896 267.
722 3846 751 3893 at
771 3854 830 3913 pur:
852 3835 891 3893 ud
909 3833 959 3908 ΡΙ.
1076 3836 1143 3891 268.
1163 3831 1260 3907 legum

147 3913 250 3989 poenis
266 3924 294 3971 et
307 3918 438 3991 Ruperti.
496 3918 564 3973 269.
584 3914 717 3972 thersites
737 3932 799 3989 pura
819 3912 944 3971 thusites
961 3916 995 3969 P.
1049 3914 1114 3968 270.
1136 3908 1261 3964 Vulcani

147 3992 206 4057 Ρςε
227 3989 350 4047 Volcani
365 4008 394 4066 9,
414 3991 557 4048 Vulcania
567 4010 623 4068 pro.
682 3994 789 4067 272sq.
803 3992 928 4048 Sentius
942 3988 981 4046 ud
993 3991 1077 4061 Verq.
1089 3986 1160 4043 neu.
1176 3987 1260 4051 VIII,

150 4062 216 4124 342.
236 4066 375 4142 mythoqr.
393 4071 488 4127 Vultu.
502 4074 527 4137 I,
536 4072 583 4125 60.
700 4072 767 4127 273.
790 4068 883 4141 00].10
904 4070 939 4123 Ρ.
1041 4065 1099 4122 274
1109 4078 1152 4135 sq.
1172 4059 1259 4117 schot.

150 4142 355 4211 LucontI,ttS:
371 4138 463 4203 ‘unde
475 4142 640 4206 quonollst
657 4146 825 4224 primusque
837 4152 949 4200 tuorum
960 4135 1150 4198 aut-nolo’.
1171 4136 1260 4195 schol.

149 4219 264 4279 mount
277 4224 345 4293 VII,
358 4221 432 4283 ⁴38:
449 4216 628 4283 ‘tumnultu
648 4222 779 4300 quisquis
798 4222 908 4300 primus
927 4219 1040 4278 luit-
1059 4208 1152 4275 nolo’.

992 4316 1012 4385 7
