3025 4859
283 342 359 419 alc
671 358 1011 417 scnuamvcrsus.

374 524 444 591 181.
465 546 547 592 aava
569 548 679 594 acces.
711 527 785 621 plus
806 527 1023 597 amaritudinis
1051 550 1093 595 cx
1119 526 1269 621 superbia
1298 551 1395 621 quam

286 633 461 704 dulcedinis
483 656 525 701 ex
545 636 700 705 castitate.

372 744 442 811 182.
473 766 576 823 vsuvn
598 769 684 814 anno
706 770 777 814 usn.
810 748 882 839 quis
907 749 992 815 enim
1012 749 1057 815 ita
1078 747 1242 817 subiectus
1270 756 1336 831 est,
1363 758 1398 817 ut

287 878 367 937 eam,
388 876 486 947 quam
507 876 565 947 per
587 866 749 925 momenta
770 856 889 940 laudat,
910 858 985 925 odic
1006 878 1071 926 non
1091 856 1233 925 habeat?

261 976 275 1015 ⁶
376 966 445 1033 1811„
473 986 625 1041 urrunnu
646 990 764 1035 annun.
799 966 959 1057 aliquanta
981 967 1057 1035 uitia
1077 968 1248 1037 mulierum
1269 970 1399 1037 minima

285 1081 361 1143 sunt
382 1073 520 1166 quidem,
542 1075 598 1144 sed
620 1075 756 1144 molesta
778 1076 908 1145 maritis.

374 1185 445 1253 186.
478 1206 649 1255 raauusau
679 1208 750 1253 ursi.
784 1186 875 1253 aliter
902 1208 938 1253 sc
964 1208 1029 1254 nun
1055 1195 1147 1278 putat
1172 1188 1275 1256 uideri
1300 1212 1398 1282 passe

285 1294 475 1378 formosam,
496 1297 557 1364 nisi
578 1294 702 1367 Graece
724 1295 872 1389 loquatur
894 1303 1057 1388 tamquam
1078 1296 1296 1379 Atheniensis,
1325 1322 1398 1368 crim

288 1404 329 1471 sit
350 1400 467 1472 Tusca.

250 1538 277 1579 u>
376 1512 445 1581 187.
470 1536 512 1581 na
535 1512 750 1583 Sunuouunsr.
774 1516 887 1586 ciuitas
908 1512 1056 1585 Tusciae.

374 1622 444 1693 188.
477 1647 546 1691 cvu
571 1648 622 1693 sn
644 1647 752 1693 uvare
774 1648 882 1694 naurs.
914 1646 989 1693 cum
1020 1633 1114 1716 turpe
1140 1626 1182 1692 sit
1207 1624 1283 1707 illis,
1311 1627 1398 1719 quud

285 1726 399 1799 Latine
419 1734 558 1803 necdum
579 1732 755 1802 habuerint

374 1842 443 1910 190.
467 1863 531 1911 noc
554 1864 682 1911 ovacra
706 1867 755 1913 er.
777 1843 913 1913 Graeco.
1023 1844 1208 1933 [secueral.
1230 1864 1399 1912 armarere

288 1949 406 2018 dicunt

250 2084 275 2125 u
377 2060 447 2129 191.
470 2084 689 2131 cuncvnavur
711 2060 859 2134 Ganecc.
884 2065 960 2157 quid
982 2060 1141 2155 amplius?
1162 2064 1259 2129 etiam
1279 2061 1313 2129 in
1333 2060 1399 2129 lec·

288 2165 362 2235 tulis
384 2168 509 2239 Graece
529 2170 711 2264 loquuntur.

377 2280 446 2349 192.
479 2303 566 2349 nvnc
592 2304 704 2351 arun.
740 2283 818 2351 licet
844 2292 937 2377 turpe
972 2285 1027 2366 sit,
1061 2293 1169 2350 tamen
1195 2280 1311 2372 puellis
1337 2280 1399 2348 huc

290 2390 531 2462 concedendum
552 2402 616 2478 est3
639 2402 814 2475 mantem,
837 2416 919 2484 quae
942 2394 1104 2485 octaginta
1126 2390 1179 2459 uel
1202 2414 1241 2458 eu
1262 2391 1398 2483 amplius

287 2500 378 2567 anuis
394 2501 539 2592 pulsaris,
561 2503 665 2573 adhuc
677 2502 802 2571 Graece
816 2503 866 2569 uis
879 2500 977 2593 loqui,
1000 2511 1163 2593 tamquam
1184 2499 1314 2592 puella?

248 2630 413 2685 saevusne
433 2636 543 2681 unave
565 2638 702 2683 anesca.
730 2614 857 2706 signum
878 2620 929 2679 est
948 2612 1117 2703 inpudicae
1136 2609 1292 2691 mulieris,
1313 2632 1396 2702 quae

287 2741 362 2787 cum
383 2722 424 2787 sit
446 2745 547 2790 senex
568 2723 704 2791 alienam
725 2722 867 2815 linguam
889 2720 959 2787 uult
979 2721 1104 2787 imitari.

373 2832 444 2899 195.
479 2838 584 2903 ΖΩΗ
601 2838 696 2905 ΚΑΙ
720 2838 862 2902 ¹FIVXH.
897 2829 1012 2923 quibua
1044 2828 1246 2897 sennunibus
1272 2825 1397 2896 Graece

286 2934 438 3007 mulieres
459 2944 491 3009 in
513 2943 685 3011 concubitu
707 2942 813 3009 solent
835 2940 977 3008 blandiri.

373 3050 444 3116 198.
467 3074 583 3120 vrenrs
605 3076 638 3121 ru
660 3076 777 3119 avana.
800 3051 896 3119 ctiam
917 3049 950 3115 in
971 3047 1100 3139 publico
1122 3048 1204 3115 haec
1226 3046 1326 3115 uerba
1346 3046 1396 3115 lu-

248 3182 275 3225 rs
287 3158 404 3249 queris,
432 3182 516 3251 quae
537 3162 619 3229 iutra
639 3160 771 3229 domum
792 3170 891 3228 tuam.
1011 3180 1074 3226 uara
1095 3181 1242 3227 excreas
1265 3178 1396 3225 ruuveu.

285 3267 329 3335 ita
350 3278 459 3363 potest
479 3272 610 3339 excitari
633 3273 673 3340 ad
694 3269 860 3339 libidinem
881 3270 931 3337 uir
945 3268 1077 3336 audiens
1098 3266 1174 3335 talia
1194 3265 1293 3335 uerba
1315 3274 1398 3333 tam·

287 3402 383 3469 quam
404 3380 432 3447 si
453 3404 550 3453 manu
571 3380 727 3474 palpetur.

373 3490 443 3558 198.
472 3514 649 3559 svasmnur
670 3510 796 3558 emuna.
824 3490 940 3580 pinnae
967 3496 1023 3555 aut
1048 3488 1217 3563 metatura,
1243 3487 1319 3580 quia
1340 3508 1398 3553 ue·

286 3597 372 3665 tulae
392 3596 581 3669 hiacersant.

285 3880 313 3937 d.
335 3896 410 3955 quae
420 3896 535 3956 semper
543 3889 686 3937 rnamenta
698 3879 756 3934 ΡΒ.
773 3894 859 3952 quam
875 3892 965 3954 saepe
981 3893 1035 3953 per
1050 3882 1195 3932 momenta
1210 3891 1237 3930 c.
1296 3874 1326 3931 6.
1343 3874 1398 3929 mi·

285 3957 361 4014 nime
380 3956 440 4013 Pa.
459 3972 532 4012 carr.
552 3972 576 4011 c.
673 3958 702 4013 8.
722 3951 913 4011 Athenienses
933 3954 991 4009 Ps.
1011 3968 1085 4009 carr.
1105 3969 1130 4009 s.
1232 3953 1280 4010 28.
1302 3958 1398 4007 autem

285 4034 411 4109 Rutpms
429 4048 511 4089 uum.
531 4028 610 4089 lactt.
631 4034 720 4101 1,16.
809 4030 857 4087 29.
878 4028 1052 4087 flaccescant
1067 4032 1201 4103 Rutprre.
1221 4028 1312 4085 amari
1331 4044 1399 4085 ces·

285 4120 350 4166 sant
376 4110 407 4167 c.
427 4107 528 4165 Bartlt.
548 4116 726 4165 marcescant
740 4102 969 4177 Sclunzflaieult.
992 4105 1073 4163 hiare
1095 4113 1211 4162 cessant
1229 4103 1254 4176 f.
