3025 4859
248 382 325 457 294
634 393 797 449 scnonu
817 396 978 451 vnrnuu.

335 568 385 631 69.
409 588 496 643 ovon
517 589 639 634 rossus.
662 567 748 634 unde
771 566 892 658 possim
915 564 1023 633 titulos
1046 564 1102 632 tibi
1123 563 1207 631 dare.
1316 582 1363 628 ru·
1478 648 1479 667 Χ

252 700 379 746 cnunc.
403 675 551 744 scribere.

336 790 387 855 70.
420 811 518 854 ornus
542 813 653 856 nunus.
688 812 770 881 quos
791 790 907 856 imitari
929 787 1036 856 debes.
1070 786 1101 853 id
1124 794 1187 865 cst,
1216 792 1365 877 parentes

251 909 332 967 tuos.

226 1029 240 1069 a
338 1011 389 1075 72.
412 1006 550 1076 Nsnonu
565 1034 756 1089 ruonrnovo.
780 1010 819 1079 de
842 1034 906 1102 quo
925 1010 1025 1103 magis
1041 1008 1150 1077 debuit
1165 1006 1375 1091 erubescere.

251 1120 324 1212 quia
347 1121 395 1186 ad·
409 1103 678 1213 propinquitatem
699 1120 783 1188 illius
806 1124 950 1213 pertinet.

337 1231 388 1297 73.
427 1232 569 1323 [annvsJ.
600 1256 704 1314 rarus,
737 1234 848 1323 inquit,
883 1242 932 1299 est
954 1232 1077 1299 animus
1099 1254 1162 1299 non
1186 1230 1313 1297 inflatus
1335 1228 1367 1295 in

253 1340 361 1409 nobili.

341 1452 391 1520 74.
413 1475 521 1520 nnvnn
543 1478 574 1519 τ.
596 1452 707 1521 haberi
728 1455 894 1521 maiorum.

218 1582 245 1621 ro
342 1563 393 1629 75.
415 1587 575 1631 svrvnnn.
596 1564 636 1631 de
659 1575 691 1633 tc
712 1568 847 1633 suturae.

341 1674 392 1739 77.
430 1698 470 1741 us
495 1700 524 1743 c.
547 1700 577 1742 n.
616 1677 804 1769 metaphora
832 1675 871 1742 ab
895 1676 1053 1755 aedificio,
1091 1676 1178 1767 quod
1201 1674 1370 1744 columnae

257 1790 445 1853 sustentant.

345 1895 395 1962 78.
418 1897 576 1986 [srnnsvs
598 1900 705 1989 uvnr].
727 1902 843 1968 iterum
866 1900 1085 1992 metaphoram
1107 1922 1126 1966 a
1148 1898 1264 1966 uitibus
1287 1896 1373 1976 lecit,

260 2028 342 2095 quae
365 2030 405 2073 cx
429 2007 595 2075 arboribus
624 2009 777 2100 pendent,
806 2034 867 2079 nec
895 2036 930 2078 se
959 2019 1094 2103 possunt
1121 2010 1276 2077 sustinere
1305 2014 1372 2073 sinc

222 2114 436 2199 sartoribus,
459 2121 519 2186 nisi
541 2120 658 2187 luerint
679 2121 833 2189 adnexae.
1483 2192 1484 2209 ἶ

342 2227 395 2293 81.
433 2253 639 2309 succursovs
661 2256 725 2299 aar.
760 2234 961 2324 [PnannrusJ.
995 2235 1048 2326 qui
1073 2242 1225 2324 tyrannus
1247 2227 1373 2299 Siciliae
1483 2224 1484 2227 ’

259 2338 419 2405 serebatur
441 2350 533 2408 tauro
555 2366 657 2410 aeneo
678 2344 826 2413 candenti
849 2345 994 2413 homiues
1016 2343 1187 2411 includere.

344 2450 395 2515 83.
418 2476 554 2520 svunvn
579 2479 608 2522 c.
631 2476 662 2521 u.
690 2464 726 2521 ut
747 2457 872 2549 lugiens
896 2463 1053 2522 tormenta
1074 2453 1190 2521 falsum
1211 2450 1307 2518 dicas.

347 2562 398 2627 84.
426 2588 469 2629 nr
490 2588 641 2631 enoersn
664 2588 774 2632 ursan.
811 2566 887 2634 durn
909 2566 959 2633 uis
981 2566 1107 2647 uiuere,
1133 2564 1199 2653 [ne]
1223 2562 1267 2627 ita
1288 2583 1373 2654 agas,
1484 2554 1485 2629 l

223 2678 299 2745 mut
320 2672 386 2738 uita
408 2674 543 2741 uideatis
564 2675 721 2767 indignus.

348 2782 399 2848 85.
437 2808 565 2851 nronvs.
602 2786 648 2851 sic
670 2784 835 2853 habendus
857 2790 912 2879 qui
935 2796 1037 2856 morte
1059 2784 1172 2877 dignus
1195 2792 1259 2865 est,
1286 2783 1373 2876 (prasi

263 2890 326 2957 iarn
348 2896 485 2985 perient,
508 2894 582 2961 licet
604 2896 734 2963 cottidie
756 2898 887 2988 copiose
909 2900 1006 2965 uiuat.

350 3006 402 3071 86.
426 3003 548 3071 Cosuo.
572 3004 712 3073 Cosmus
732 3006 917 3076 luxuriosus
939 3009 1004 3090 luit,
1028 3010 1081 3100 qui
1098 3006 1222 3087 solium,
1245 3006 1276 3072 in
1289 3004 1371 3096 quod

266 3115 498 3196 descendebat,
533 3114 639 3182 multis
669 3115 934 3211 diuersorumque
961 3126 1198 3211 unguentorum
1226 3114 1373 3183 odoribus

225 3265 252 3304 2⁵
265 3227 428 3297 miscebat.
493 3250 680 3295 nsnonrvn.
705 3227 822 3297 babeat
843 3229 918 3297 licet
940 3230 1081 3322 tripodas
1104 3250 1223 3297 aeneos
1245 3227 1299 3294 ubi
1320 3226 1372 3293 bc-

266 3362 339 3408 rocs
361 3338 550 3407 lauabantur
572 3348 606 3406 et
627 3348 732 3407 ostrea
755 3364 774 3407 a
797 3340 869 3408 lacu
890 3338 1039 3407 Lucrino.

350 3452 402 3518 89.
424 3471 596 3518 socronvn.
619 3450 870 3542 prouincialium.

351 3561 404 3627 90.
426 3583 568 3629 nxvcss.
596 3560 751 3629 exhausta
775 3563 819 3652 [a]
843 3561 1031 3631 rectoribus.

352 3670 403 3737 93.
440 3696 484 3737 ss
512 3670 638 3740 Cancro
664 3696 708 3739 nr
736 3670 903 3741 anuros.
942 3673 1130 3765 spoliatores
1159 3672 1328 3741 sociorum.

268 3947 297 4001 7.
319 3960 386 3999 narn
406 3940 520 4000 inflatus
541 3945 598 4000 PS.
616 3961 689 4001 corr.
711 3960 735 4000 o.
839 3944 886 4001 16.
907 3959 1057 3999 narseus.
1079 3941 1208 4001 Siciliae.
1230 3958 1374 3999 rncsnrn·

270 4038 330 4093 prs
350 4037 414 4076 nur.
436 4020 485 4096 qui
505 4030 644 4095 tyrannus
664 4020 815 4079 terebatur
833 4021 892 4077 PS.
1005 4025 1052 4078 19.
1073 4039 1109 4078 ne
1131 4021 1189 4077 uita
1211 4021 1373 4077 nonninus.

270 4102 317 4155 23.
344 4099 373 4152 in
404 4115 460 4172 quo
491 4100 663 4155 Henninius.
695 4098 724 4154 in
752 4116 811 4173 quo
841 4096 962 4155 sedebat
987 4094 1211 4171 notter-zoclen
1243 4096 1278 4153 do
1308 4096 1375 4153 tosa

269 4178 355 4232 Rana.
377 4177 403 4241 1,
416 4178 445 4231 7.
466 4173 504 4247 of.
524 4174 611 4233 solut.
631 4179 674 4243 11,
695 4174 762 4231 142.
841 4178 889 4232 25.
909 4174 1018 4231 habeas
1039 4176 1097 4232 ΡΒ.
1185 4178 1233 4233 26.
1256 4173 1373 4231 Lucrina

270 4252 328 4307 ΡΒ.
348 4267 423 4308 corr.
443 4269 472 4328 p.
550 4255 598 4309 28.
620 4270 637 4308 a
658 4270 713 4309 om.
734 4253 793 4309 PS.
815 4250 880 4309 ortd.
901 4270 932 4328 p.
