3025 4859
226 358 277 435 24
608 364 961 425 nrrmrrvvumms

224 540 360 638 iugera?
381 563 479 635 quam
501 539 602 608 multa
623 560 805 633 magnaque
826 537 995 630 paropside
1018 527 1145 604 cenat?

227 665 382 751 quantum
404 656 538 746 quisque
564 676 621 719 sua
642 673 847 720 nummorum
870 656 978 716 seruat
999 651 1031 715 iu
1053 668 1136 726 arca,

229 775 352 836 tantum
373 764 469 831 habet
492 773 524 830 et
547 762 627 831 fidei.
672 764 757 829 iures
779 760 855 829 licet
876 769 909 827 ct
931 758 1179 827 Samotbracum

229 886 262 945 et
282 885 466 945 nostrorum
489 898 568 955 aras,
593 881 800 941 contemnere
822 871 953 939 fulmina
975 892 1097 963 pauper
1280 872 1342 932 145

231 987 372 1057 creditur
394 985 497 1077 adque
521 986 608 1066 deos,
631 984 680 1050 dis
701 982 940 1074 ignoscentibus
962 984 1048 1074 ipsis.

230 1099 305 1191 quid
328 1097 414 1189 quod
437 1096 601 1163 materiam
625 1094 757 1186 praebet
780 1116 957 1186 causasque
980 1094 1125 1160 iocorum

231 1206 376 1277 omnibus
398 1206 449 1273 hic
470 1206 565 1286 idem,
588 1206 614 1271 si
637 1204 730 1271 foeda
753 1214 788 1271 et
810 1205 910 1271 scissa
931 1202 1068 1282 lacerna,

231 1324 258 1388 si
281 1330 356 1413 toga
378 1315 539 1385 sordidula
562 1325 611 1383 cst
634 1326 667 1384 et
689 1324 783 1407 rupta
805 1314 934 1382 calceus
956 1313 1035 1381 alter

231 1430 315 1524 pelle
337 1435 441 1522 patet,
463 1427 516 1494 uel
538 1430 565 1495 si
588 1436 722 1495 consuto
745 1424 880 1493 uulnere
903 1448 1046 1494 crassum
1281 1432 1344 1490 150

232 1542 335 1633 adque
357 1561 470 1607 recens
492 1538 593 1607 linum
616 1537 755 1605 ostendit
776 1559 841 1605 non
862 1561 926 1605 una
949 1536 1091 1605 cicatrix.

231 1650 276 1720 nil
296 1648 393 1717 habet
414 1648 523 1716 infelix
545 1658 717 1742 paupertas
740 1650 847 1717 durius
871 1651 968 1729 inse,

234 1785 329 1855 quam
352 1761 438 1853 quod
460 1760 609 1827 ridiculos
630 1759 775 1828 homines
797 1761 880 1826 lacit.
913 1754 1048 1844 ‘exeat’,
1070 1758 1188 1852 inquit,

229 1866 274 1944 ‘si
292 1869 395 1963 pudor
418 1880 481 1951 cst,
505 1878 537 1937 et
559 1871 599 1938 de
621 1868 750 1961 puluino
775 1880 885 1962 surgat
908 1872 1061 1963 equestri,

235 1984 325 2051 cuius
347 2003 399 2047 res
422 1980 485 2073 legi
508 2003 571 2048 non
594 1980 722 2063 suflicit,
748 1990 780 2049 et
802 1981 935 2049 sedeant
957 1981 1009 2048 hic
1286 1990 1347 2047 155

194 2082 201 2093 ’
235 2093 388 2161 lenonum
409 2092 500 2183 pueri
524 2113 726 2183 quocumque
749 2094 781 2158 in
803 2092 924 2160 fornice
946 2093 1019 2173 nati,

235 2204 287 2271 hic
310 2202 440 2295 plaudat
461 2201 551 2269 nitidi
573 2203 740 2293 praeconis
762 2200 844 2268 lilius
865 2204 947 2270 inter
1124 2278 1129 2285 ,

238 2314 391 2407 pinnirapi
414 2312 518 2381 cultos
540 2314 674 2381 iuuenes
697 2313 895 2405 iuuenesque
916 2314 1066 2397 lanistae3
1307 2326 1315 2376 t

238 2428 283 2493 sic
304 2424 428 2492 libitum
450 2447 549 2507 uano,
573 2426 707 2517 quinos
731 2424 886 2505 distinxit,
910 2422 1053 2493 Othoni’.
1311 2415 1316 2430 ¹

238 2539 308 2630 quis
331 2559 429 2629 gener
450 2534 501 2603 hie
523 2536 643 2628 placuit
665 2558 765 2603 ceusu
785 2538 889 2604 minor
912 2538 1015 2628 adque
1037 2537 1164 2629 puellae
1285 2549 1348 2605 160

238 2646 400 2716 sarcinulis
423 2644 545 2739 impar?
577 2647 647 2738 quis
670 2669 792 2737 pauper
814 2645 961 2716 scribitur
982 2646 1102 2715 heres?

240 2759 366 2853 quando
387 2759 420 2825 in
443 2756 574 2825 consilio
598 2765 647 2824 est
669 2754 846 2825 aedilibus?
876 2762 1002 2851 agmine
1025 2761 1109 2828 lacto

239 2868 415 2938 debuerant
437 2868 512 2935 olim
535 2877 647 2935 tenues
669 2870 825 2961 migrasse
848 2868 1001 2954 Quirites!
1077 2918 1083 2931 .

238 2980 316 3049 haut
338 2977 429 3046 laeile
453 2986 628 3071 emergunt,
652 3001 789 3070 quorum
812 2980 983 3048 uirtutibus
1006 2989 1112 3075 opstat

238 3112 291 3159 res
314 3097 446 3183 angusta
470 3091 570 3171 domi,
593 3088 649 3157 sed
671 3088 796 3157 Romae
818 3090 926 3158 durior
947 3091 1009 3159 illis
1288 3104 1347 3161 165

239 3210 386 3282 conatus,
409 3222 526 3293 magno
548 3198 721 3292 hospitium
742 3200 938 3281 miserabile,
961 3226 1078 3296 magno

239 3333 407 3381 seruorum
428 3320 557 3381 uentree
579 3320 611 3379 et
633 3312 716 3405 lrugi
737 3310 851 3380 cenula
873 3334 1000 3406 magno.

239 3600 306 3660 142.
327 3597 427 3674 iugera
448 3614 501 3655 onr.
517 3600 551 3667 Ρ,
569 3595 633 3654 odd.
648 3600 677 3656 tu
690 3616 780 3673 uturp.
799 3614 828 3673 p.
950 3597 1109 3677 paropside
1129 3604 1156 3657 P
1168 3599 1269 3657 Vollor
1291 3618 1349 3688 pa·

238 3674 355 3755 rapside
371 3692 427 3751 par,
448 3674 603 3753 parabside
619 3692 648 3749 p,
670 3675 826 3754 parabside
844 3691 871 3743 ς.
951 3678 1006 3733 143
1019 3694 1061 3752 sq.
1084 3688 1268 3750 quantum—
1282 3676 1350 3735 bdei

237 3752 328 3813 arbel.
344 3752 430 3828 Groq.
444 3755 513 3808 Hor.
526 3770 612 3809 eorm.
623 3756 649 3822 1,
659 3756 705 3821 35,
717 3756 764 3810 22.
854 3752 921 3811 144.
942 3753 1016 3809 iuret
1036 3771 1053 3820 ς
1074 3758 1112 3813 Η.
1128 3754 1271 3813 Valerius.

239 3835 304 3891 147.
325 3834 451 3887 iocorum
463 3831 502 3884 P.-
522 3828 649 3886 locorum
670 3851 698 3907 p.
779 3832 845 3887 149.
867 3830 924 3888 alte
942 3828 1094 3889 Schrader.
1175 3832 1240 3890 154.
1262 3839 1306 3890 ert
1321 3840 1351 3890 et

240 3908 277 3967 de
297 3906 417 3986 puluino
437 3924 497 3980 pur:
519 3914 563 3964 cot
583 3934 632 3963 ms
652 3908 774 3986 puluino
795 3910 829 3974 P,
850 3917 895 3965 est
916 3906 952 3964 de
972 3926 1053 3987 sep.
1075 3912 1106 3968 S.
1186 3914 1253 3969 156.
1275 3928 1349 3985 quo·

240 4001 362 4061 cumque
380 4016 391 4039 .
406 3983 516 4039 fornice
528 3986 561 4049 P,
583 4002 764 4060 quocumque
778 3984 809 4040 in
826 3983 936 4041 fornice
950 4004 978 4060 p.
1007 4004 1187 4063 quocumque
1204 4005 1220 4044 e
1236 3986 1348 4044 fornice

238 4064 299 4120 noti
310 4059 486 4120 Locbmonn.
543 4063 609 4119 158.
623 4062 802 4137 iuuenesque
809 4066 867 4129 Ρςε
887 4063 1078 4138 iuuenemque
1092 4084 1148 4141 pur.
1202 4068 1267 4123 159.
1279 4065 1348 4120 Ser·

239 4143 308 4197 artua
320 4139 359 4197 ud
369 4138 529 4211 Varadeto.
537 4140 635 4206 ILSO.
646 4142 701 4207 xl,
709 4143 776 4199 715.
834 4139 901 4198 164.
923 4150 1072 4215 emergunt
1080 4160 1143 4220 pro:
1162 4150 1293 4217 mergunt
1303 4144 1338 4197 P.

241 4220 298 4275 167
318 4218 352 4273 to
371 4216 499 4289 nrorptae
518 4213 698 4293 adscriptum
718 4213 805 4274 babet
823 4218 858 4274 P.
