3025 4859
239 246 317 323 232
628 258 791 313 scnosra
810 256 970 313 vassas.

325 428 378 497 38.
400 446 598 504 unicornuus
620 446 779 495 sansana.
802 422 891 495 dolas
914 446 956 491 ex
977 424 1113 517 gemmis
1135 423 1246 491 lactas.

326 537 377 607 41.
400 559 456 615 ovr
478 558 634 604 nvusass
656 558 797 605 cannas.
827 536 853 602 si
875 532 930 601 tibi
952 534 1026 602 data
1056 533 1149 601 luerit
1173 532 1266 617 liola,
1295 556 1355 627 po-

239 651 325 720 nitur
345 628 400 739 qui
423 656 455 715 te
483 656 516 714 et
542 647 715 729 custodiat,
742 668 783 713 ne
813 668 855 713 ex
883 646 951 739 ipsa
978 653 1034 712 aut
1060 666 1221 737 gemmam
1248 644 1354 737 rapias

241 767 296 827 aut
318 760 358 827 de
382 758 541 851 unguibus
562 780 675 826 aurum
696 757 799 824 radas.

217 892 230 931 ⁵
326 870 378 940 «12.
402 890 596 937 navsnrau.
622 868 740 950 idest,
768 868 861 935 uenia
883 866 986 935 danda
1013 874 1076 947 est,
1104 866 1130 931 si
1158 864 1357 945 custodiaris,

188 980 191 986 ⁴
242 1000 317 1046 cum
339 981 501 1071 acceperis
522 978 644 1062 liolam,
665 980 815 1072 quoniam
838 1000 985 1071 gemmae
1006 976 1164 1069 pretiosae
1185 974 1218 1041 in
1238 973 1357 1067 poculo

243 1099 327 1159 sunt.
412 1112 544 1157 urasr’rs.
566 1112 668 1181 genus
690 1112 837 1181 gemmae
858 1089 1026 1181 pretiosae.

328 1200 379 1267 49.
403 1222 600 1269 parrocias.
627 1200 680 1268 43.
704 1200 760 1290 [an
782 1219 909 1267 aocvna
932 1195 1146 1283 sannorum}
1180 1194 1212 1262 id
1233 1200 1293 1277 est,
1314 1192 1354 1263 dc

200 1315 213 1337 '
245 1309 347 1379 anulis
371 1309 452 1377 tollit
472 1334 615 1403 gemmas
639 1319 672 1377 et
692 1311 724 1378 in
739 1307 829 1377 liolas
844 1306 947 1375 mittit
1034 1330 1078 1375 an
1092 1328 1220 1375 rocam
1238 1327 1357 1373 saans-

208 1442 342 1491 aorsas.
364 1418 481 1487 calices
502 1427 682 1513 gemmatos
702 1420 786 1487 lacit.

328 1532 381 1599 45.
413 1552 540 1599 rossan
570 1552 747 1599 zanosrso.
773 1528 889 1625 ligura
923 1526 1092 1618 diasyrtica
1123 1527 1156 1594 in
1189 1524 1357 1621 Virgilium

247 1640 341 1732 [llen.
364 1638 426 1721 llll,
447 1642 537 1731 2611.
558 1640 664 1721 idest,
688 1622 772 1705 tales
783 1662 926 1733 gemmas
942 1638 1037 1705 mittit
1050 1638 1082 1705 in
1097 1637 1256 1721 calicibus,
1280 1661 1357 1729 qua·

245 1751 294 1820 les
316 1750 439 1819 solebat
459 1750 586 1817 Aeneas
606 1750 639 1819 in
662 1749 783 1841 uaginis
805 1747 901 1843 gladii
923 1746 1056 1829 habere,
1083 1748 1139 1841 qui
1162 1750 1355 1843 antepositus

247 1868 298 1929 est
316 1858 426 1929 Iarbae
448 1882 465 1925 a
487 1856 626 1927 Didone.

209 1990 236 2033 rs
331 1971 384 2038 46.
407 1992 543 2037 voroars
564 1992 673 2039 sousa
692 1992 877 2039 aassnssn.
907 1970 1036 2062 quidam
1051 1956 1150 2037 ‘sutor
1172 1968 1232 2037 luit
1252 1966 1358 2037 Bene·

247 2088 355 2162 uento,
378 2079 432 2173 qui
454 2082 607 2172 grandem
628 2106 741 2149 nasum
763 2081 881 2149 habuit.

330 2191 383 2257 47.
407 2191 570 2279 [nasonvu
585 2190 785 2281 ovarrvoaJ.
807 2190 839 2257 id
861 2198 919 2273 est,
941 2190 972 2257 in
995 2187 1093 2259 talem
1115 2187 1247 2258 calicem
1268 2188 1356 2275 bibis,

247 2299 303 2393 qui
324 2309 473 2393 quattuor
493 2303 525 2369 in
547 2300 744 2394 longitudine
765 2322 861 2368 nasos
882 2300 1004 2369 habeat.

331 2414 384 2481 48.
406 2436 606 2489 ovassasvu.
628 2413 693 2479 iam
714 2412 860 2478 fractum.
960 2436 1152 2489 ovassanvu
1173 2435 1217 2480 rar
1240 2436 1355 2481 svnso.

208 2548 238 2590 so
249 2530 286 2590 ut
303 2521 410 2591 solent
430 2521 550 2590 sulfure
572 2521 688 2590 calices
709 2522 828 2589 fractos
849 2522 917 2589 siue
940 2522 1125 2590 caluariolas
1148 2546 1336 2615 conponere.

330 2633 384 2701 49.
407 2656 596 2701 srouacuvs
619 2654 742 2701 nonani.
775 2632 807 2699 id
830 2639 892 2713 cst,
923 2633 949 2700 si
972 2656 1012 2700 ex
1034 2635 1243 2728 indigestione
1268 2636 1357 2703 inua-

246 2742 331 2813 lidus
351 2744 455 2825 fuerit,
478 2742 705 2835 lrigildi]ssima
725 2740 770 2808 illi
792 2764 873 2833 aqua
896 2740 1045 2811 adlertur.

331 2852 385 2919 51.
407 2874 472 2920 non
492 2875 603 2920 saaca
624 2876 715 2919 vosrs
736 2874 823 2921 roni.
845 2853 953 2937 idest,
974 2876 1040 2923 non
1054 2851 1159 2924 solum
1174 2855 1261 2949 quod
1275 2854 1358 2925 aliud

251 2961 363 3029 uinum
383 2961 498 3043 bibitis,
521 2961 697 3031 sedetiam
719 2972 751 3029 et
773 2986 889 3057 aquam
912 2962 1080 3033 diuersam.

211 3092 240 3135 ss
337 3070 389 3137 53.
411 3068 568 3139 Gssvsvs
589 3094 687 3139 nasrs
708 3095 774 3141 avr
796 3096 895 3143 nram.
923 3080 989 3142 tam
1008 3077 1108 3169 niger,
1130 3085 1167 3145 ut
1188 3100 1262 3147 eum
1284 3098 1358 3171 pos·

250 3178 294 3247 sis
316 3181 427 3247 timere
450 3182 481 3249 in
503 3178 649 3249 obscuro.

333 3290 385 3357 56.
408 3312 485 3359 mos
508 3316 598 3360 asma
619 3314 704 3362 ansa
727 3316 834 3364 nsvu.
861 3292 995 3389 pulcher
1015 3320 1096 3391 puer
1117 3296 1265 3380 Asianus,
1285 3318 1358 3367 caro

249 3401 371 3494 praetio
394 3412 607 3495 comparatus.

333 3510 386 3578 57.
409 3536 497 3591 ovau
519 3538 595 3582 narr
618 3538 661 3582 ns
680 3512 796 3583 Tama.
818 3538 930 3609 regum
953 3516 1094 3610 priomm
1115 3520 1347 3613 patrimonium

250 3708 286 3759 ut
307 3697 347 3757 od
365 3700 442 3759 illud
461 3704 572 3763 alludat
590 3703 782 3780 Vtrptltonam
816 3705 900 3775 [Aoo.
916 3711 942 3778 1,
961 3708 1043 3786 729]:
1082 3712 1267 3789 tmploaitqao
1284 3724 1358 3769 mero

251 3784 383 3856 potorum
404 3798 460 3855 quo
482 3783 570 3840 Belua
588 3788 617 3839 at
637 3800 735 3839 omnes
755 3800 774 3840 o
795 3782 863 3841 Belo
881 3780 976 3843 aolttt.³
1005 3792 1036 3846 V.
1116 3797 1142 3849 1.
1163 3789 1245 3845 fialas
1266 3806 1291 3847 s.

252 3856 439 3914 3.deom.c.
491 3863 520 3917 9.
543 3858 812 3918 tollatPS.corr.c.
867 3866 913 3921 11.
936 3864 1186 3942 utVirgitinsPS.
1239 3868 1287 3923 15.
1301 3864 1358 3922 Va·

251 3933 337 3988 tinius
349 3932 432 3991 eood.
443 3934 510 3994 odd.
522 3932 754 4005 Sobartztlatscli.
808 3940 854 3995 17.
869 3948 898 3995 tu
911 3938 961 3995 tali
972 3942 1062 4001 calice
1074 3946 1153 4002 bibes
1164 3962 1188 4001 a.
1242 3947 1290 4000 20.
1303 3941 1359 3998 sul·

251 4008 351 4065 sorec.
367 4010 396 4064 ia
413 4016 551 4070 urbePS.
630 4011 804 4073 caldariolas
825 4014 1018 4077 Sobreualius.
1093 4014 1218 4080 ‘Probus
1238 4018 1361 4097 exponit,

253 4087 320 4160 qaia
339 4084 393 4143 boo
411 4088 508 4147 soleat
527 4092 638 4149 uittam
656 4087 787 4148 solidare
804 4091 826 4147 t.
846 4089 984 4155 aaaron?
1009 4099 1044 4157 V.
