3025 4859
573 396 721 453 snrrnn
738 396 785 453 rr.
1161 378 1236 458 aot

212 568 286 639 444.
313 589 443 638 ursonis
464 588 564 636 rrusu
584 586 724 635 surmus.
745 589 799 634 nr.
839 565 935 635 etiam
968 562 1111 633 honestis
1141 562 1239 634 rebus

127 681 253 771 inponit
272 682 369 749 tinem
390 681 525 772 sapiens.
562 678 659 759 adde,
689 676 777 768 quod
806 685 840 744 et
860 674 1013 768 turpibus.
1047 672 1100 743 alii
1122 675 1240 757 dicunt,

128 792 226 861 etiam
245 790 479 885 philosophiam
500 796 624 857 tractat

213 902 288 971 445.
316 925 384 970 neu
407 924 471 979 ove
492 922 600 967 nocer
622 920 719 967 nnus.
752 919 828 967 nam
855 898 970 967 doctae
996 896 1147 965 mutieres
1173 896 1241 965 elo·

129 1022 266 1107 quantes
287 1034 416 1105 quoque
437 1009 566 1078 iudicari
588 1008 709 1078 uolunt
1265 1020 1279 1063 ι

174 1152 196 1169 ·
212 1125 287 1192 446.
308 1143 512 1190 svccrnoenn
533 1142 651 1189 orans.
672 1120 736 1189 hoe
759 1128 809 1187 est
830 1120 976 1213 accipere
999 1119 1094 1190 debet
1115 1117 1240 1187 uirilem

126 1234 271 1305 habitum
293 1241 326 1301 et
348 1232 446 1322 cingi,
467 1238 504 1297 ut
524 1231 581 1298 uir.

213 1345 286 1414 447.
315 1364 465 1411 crunnus
486 1342 630 1411 Srnvnno
656 1364 799 1413 roncvu.
829 1345 902 1436 quia
930 1340 1061 1412 Siluano
1089 1338 1240 1411 mulieres

125 1476 194 1525 non
214 1452 290 1522 licet
310 1451 497 1520 sacrificare.

212 1565 287 1636 450.
319 1586 492 1639 renovem·
513 1584 703 1631 ιιιιτιιιιιιιι.
729 1563 949 1657 syllogismum
970 1584 1035 1631 non
1058 1563 1137 1631 sciat
1157 1583 1240 1630 uxor
1254 1582 1279 1624 u

126 1685 195 1745 tua.
280 1696 344 1744 neo
355 1696 522 1743 nrsroruns
535 1697 630 1743 serm
641 1697 754 1743 nunes.
777 1698 842 1744 non
854 1674 971 1743 multos
983 1680 1132 1740 auctores
1142 1670 1239 1764 legat.

213 1786 288 1853 454.
311 1809 371 1853 sno
393 1808 546 1864 urrunnu
567 1808 612 1853 nx
633 1807 746 1854 nrnnrs.
774 1784 884 1877 legere
906 1791 1028 1853 tantum
1050 1782 1139 1851 sciat.

215 1896 287 1964 452.
310 1895 517 1966 Pnnnnuorus
532 1919 660 1967 eursu:
675 1895 884 1989 grammatici,
904 1892 1048 1987 magistri
1060 1889 1244 1978 Quintiliani

127 2009 273 2077 oratoris.

213 2117 287 2185 453.
309 2140 458 2187 senvnrn
480 2140 615 2188 seusun.
636 2120 670 2187 id
692 2128 750 2201 est,
773 2120 841 2187 sine
862 2115 940 2185 uitio
962 2114 1061 2206 loqui.
1144 2133 1239 2180 neon.
1252 2130 1279 2173 ιι

127 2228 284 2321 analogia.

214 2340 287 2409 454.
321 2362 430 2408 rnner
451 2362 648 2417 anrrovnrue
670 2362 803 2407 versvs.
835 2340 868 2406 id
890 2346 947 2421 est,
969 2358 1052 2429 quae
1074 2335 1243 2429 antiquita·

128 2462 197 2520 tem
220 2459 306 2520 tenet
329 2460 361 2519 et
381 2461 419 2519 ut
439 2452 634 2543 antiquarius
655 2472 768 2517 uersus
790 2449 874 2517 dicit.

213 2562 288 2631 455.
315 2583 378 2630 nso
402 2584 562 2631 cunnum.
589 2580 673 2652 quae
699 2559 760 2625 uiri
784 2557 967 2651 neglegunt.
1098 2555 1240 2646 [orrcen]

128 2696 298 2743 cosmam.
319 2674 483 2765 inperitae,
504 2670 588 2738 male
607 2670 855 2762 pronunciantis.
1252 2684 1280 2728 m

214 2784 288 2852 456.
321 2806 429 2852 venna
451 2808 477 2851 s.
509 2782 543 2849 id
565 2789 629 2862 est,
657 2789 731 2848 ante
759 2802 855 2873 quam
876 2780 991 2847 uitiose
1012 2778 1144 2848 maritus
1163 2799 1242 2845 suus

125 2896 218 2988 loqui
238 2918 303 2964 non
325 2904 440 2987 potest.
468 2918 542 2963 nom
565 2894 672 2960 statim
694 2914 769 2960 eum
795 2888 1011 2983 reprehendit,
1039 2887 1125 2984 quod
1152 2910 1244 2979 mag·

125 3031 191 3079 nae
213 3016 262 3076 est
280 3006 536 3075 inuerecundiae.

213 3118 287 3185 457.
311 3140 364 3185 run
379 3140 443 3186 uon
456 3140 485 3184 r.
513 3118 618 3184 omnia
633 3115 795 3209 permittit.
818 3134 891 3183 nam
907 3112 971 3181 duo
988 3112 1129 3205 negatiui
1144 3132 1244 3179 unum

129 3226 385 3297 confirmatiuum
407 3227 534 3295 faciunt.
642 3248 750 3295 erare
772 3246 802 3291 r.
830 3223 862 3292 id
886 3233 943 3307 est,
966 3224 1072 3292 omnia
1094 3224 1178 3303 iacit,
1199 3220 1244 3291 nil
1255 3230 1282 3273 ²⁵
1379 3237 1383 3246 ’

125 3349 223 3433 turpe
246 3361 317 3407 esse
336 3345 437 3431 putat.

213 3448 287 3518 458.
309 3472 378 3517 cvu
392 3470 521 3517 vinmas
535 3471 567 3518 o.
589 3447 720 3519 monilia
741 3444 801 3517 sibi
822 3447 908 3517 cirea
930 3443 1049 3515 collum
1071 3442 1200 3512 miserit.

128 3559 288 3651 [vrnrnrrs]
310 3560 467 3652 prasinae.

212 3671 287 3738 459.
311 3693 466 3738 eouursro
478 3694 529 3738 ιιι.
549 3670 709 3741 commisit
719 3671 862 3750 uniones,
880 3668 1067 3762 margaritas
1078 3664 1243 3760 oblongas.

128 3868 159 3922 1.
181 3861 268 3921 etiam
282 3870 312 3920 et
324 3866 383 3922 ΡΒ.
396 3862 474 3940 quod
486 3864 666 3939 transposui.
715 3862 746 3922 5.
762 3859 883 3933 indicari
897 3863 956 3919 ΡΒ.
969 3876 1044 3920 corr.
1058 3878 1082 3918 o.
1131 3863 1160 3917 8.
1181 3878 1246 3917 mu-

127 3938 250 3998 lieribus
270 3957 295 3996 s.
374 3946 421 4000 18.
448 3942 528 3999 euius
555 3942 611 3996 sint
636 3958 738 3998 uersus
766 3939 796 3996 G.
819 3937 913 3996 Barth
938 3956 953 3995 a
982 3936 1053 3995 tib-ro
1079 3939 1207 4011 antiquo.

128 4021 179 4076 21.
201 4025 357 4092 antequam
378 4020 500 4075 uitiosae
520 4019 579 4075 ΡΒ.
593 4034 665 4076 corr.
680 4035 707 4075 o.
786 4020 833 4074 23.
856 4014 1048 4073 uerecundiae
1069 4016 1247 4072 PS.oorr.e.

130 4098 180 4154 ²9.
202 4110 252 4151 nr..
274 4096 490 4153 communiones
511 4096 569 4152 PS.
639 4088 804 4167 ‘consutos
825 4093 1008 4169 consperserit
1027 4089 1154 4147 elenchos
1173 4108 1248 4167 quor

130 4188 307 4245 mopnarrrm
330 4188 509 4245 patrimorum
532 4170 665 4247 parebunt
683 4178 843 4238 matronae,
863 4187 937 4244 quae
956 4176 983 4225 et
1002 4166 1138 4225 titulatos
1170 4175 1247 4224 tutu-

129 4248 207 4307 latos
227 4249 387 4324 Pipooriue
404 4248 439 4308 rte
458 4252 553 4309 ιιτιιίι
571 4268 601 4327 p.
609 4248 682 4323 411]
704 4245 899 4325 appellabunt,
917 4246 1011 4322 inqiut
1028 4241 1154 4304 Ptoios.
1186 4246 1221 4302 V.
