3025 4859
616 363 764 420 sarum
781 365 853 420 xm.
1221 343 1299 424 555

266 531 319 598 53.
356 553 562 603 rnunrsrnrs
586 555 680 599 ravo.
719 531 863 602 mirabile
892 553 969 604 nam
996 530 1070 612 fuit,
1101 528 1222 624 siquis
1242 527 1298 599 iilo

182 650 327 735 tempore
349 643 503 735 inprobus
525 643 729 713 inueniretur.

267 753 318 820 56.
341 777 411 822 rrsn
434 779 589 823 vrnsnar.
613 756 760 846 quamuis
783 755 878 824 ditior
900 761 994 822 esset.

265 863 318 931 57.
340 889 448 936 aaran
469 891 500 933 n.
523 889 551 934 r.
574 861 726 957 Virgilius
749 863 822 954 [ecl.
833 863 881 946 lli,
893 865 965 954 921:
983 859 1032 932 ‘et
1052 861 1140 932 humi
1161 884 1297 931 nascen-

183 972 227 1040 tia
248 971 355 1068 fraga?
464 998 601 1045 utronno
626 999 657 1042 n.
680 999 730 1043 nc.
754 974 919 1042 deferebat
940 997 1021 1066 puer
1041 974 1149 1042 iuueni
1168 969 1245 1040 licet
1263 973 1296 1040 in
1321 995 1335 1036 s

182 1083 278 1151 domo
301 1109 360 1154 sua
383 1097 468 1156 esset
492 1089 594 1156 ditior.
619 1085 746 1154 diuitiae
769 1094 878 1154 autem
899 1086 932 1152 in
953 1084 1051 1177 fragis
1074 1085 1160 1153 etin
1181 1082 1297 1178 glande

182 1195 383 1268 taxabantur.

268 1307 321 1372 59.
345 1331 512 1384 rnrunovn
536 1332 566 1375 c.
589 1332 620 1374 o.
644 1331 669 1375 s.
691 1329 720 1374 n.
745 1330 771 1373 s.
802 1305 855 1386 ita,
876 1305 987 1396 inquit,
1009 1305 1177 1374 uidebatur
1199 1328 1298 1373 uene·

182 1415 281 1484 rabide
303 1427 402 1498 aetas,
424 1426 460 1484 ut
481 1419 588 1510 pueris
609 1417 782 1486 maioribus
805 1437 840 1482 se
855 1417 945 1482 annis
960 1425 1113 1506 quattuor
1127 1418 1296 1498 deterrent,

183 1525 245 1616 [ut]
271 1536 356 1596 esset
378 1530 480 1620 prima
502 1528 630 1620 lanugo,
652 1528 684 1594 id
707 1535 766 1608 est,
787 1527 911 1593 iuuenis
933 1527 1081 1597 deterens
1096 1527 1225 1595 senibus
1239 1526 1296 1595 ad·
1309 1539 1336 1581 ¹⁰

182 1636 348 1710 foeterent.

267 1752 320 1818 61.
342 1773 504 1820 norvenos
527 1772 666 1818 rornnu.
688 1749 770 1816 aeds
791 1748 905 1816 uitium
927 1770 1048 1844 aerugo
1072 1751 1201 1832 dieitur,
1221 1747 1299 1816 terri

182 1859 307 1954 rubigo.

270 1972 321 2037 62.
343 1994 536 2040 rnomorosn
556 1994 585 2038 r.
608 1971 723 2039 dicitur
743 1971 836 2061 quasi
857 1979 1001 2038 monstro
1023 1970 1142 2040 similis.

275 2082 326 2148 63.
365 2105 512 2160 ovrsovn
536 2103 714 2151 coronari.
742 2102 825 2172 qnae
847 2103 911 2164 res,
931 2081 964 2151 id
985 2093 1035 2150 est
1055 2082 1150 2165 fides,
1177 2079 1335 2151 sacrifi-¹⁶

184 2189 241 2258 ciis
262 2189 389 2260 lustrari
412 2191 515 2261 debet.

269 2302 320 2368 65.
358 2327 424 2371 noc
447 2325 623 2372 uonsrnvn
644 2325 675 2370 n.
710 2301 833 2384 idest,
861 2299 924 2370 hoc
951 2309 1096 2395 tempore
1123 2305 1174 2373 nir
1193 2302 1297 2373 bonus

184 2413 334 2481 monstris
356 2413 568 2481 conferendus
591 2423 649 2480 est.

270 2525 321 2588 66.
344 2547 492 2592 courrno
515 2545 635 2592 urnas.
658 2523 816 2591 monstris.
901 2521 1055 2614 prodigia,
1078 2547 1161 2618 qnae
1176 2525 1297 2595 beilum

186 2629 333 2701 Caesaris
357 2641 389 2701 et
409 2634 544 2727 Pompei
566 2633 658 2702 ciuile
680 2641 934 2725 praecesserunt.
1306 2638 1336 2680 ²⁰

270 2745 320 2808 70.
343 2766 456 2812 nncrrs
480 2769 622 2813 vsurrcn
645 2768 676 2811 r.
700 2751 756 2812 aut
777 2743 896 2823 lacteis,
918 2751 974 2810 aut
994 2745 1187 2836 sanguineis.

271 2854 322 2920 71.
345 2877 682 2924 rurnncsrrnnscmr.
706 2852 935 2948 apostropham
947 2855 1022 2922 tacit
1036 2855 1077 2925 ad
1086 2855 1185 2941 iilum,
1206 2858 1298 2926 onius

187 2960 228 3030 ob
250 2963 386 3033 reditum
409 2966 605 3035 saorfficauit.

276 3074 326 3142 73.
349 3100 496 3146 urrunnu
519 3101 550 3146 r.
574 3103 594 3148 r.
615 3077 751 3170 perdidit
772 3077 1038 3148 commendatam.

188 3441 216 3499 9.
236 3439 321 3518 pueri
342 3435 574 3511 Soiortzfleisoit.
635 3435 743 3494 deferri
764 3446 795 3494 nt
814 3446 893 3496 esset
911 3438 969 3494 Ρ8.
981 3437 1298 3513 55558555555555555.

189 3515 298 3576 deserti
319 3526 490 3575 consuesset
513 3518 542 3573 6.
555 3512 656 3572 Barth.
679 3513 836 3587 deferrent,
857 3524 920 3570 utut
938 3525 1017 3572 esset
1035 3535 1059 3575 5.
1147 3524 1193 3578 10.
1215 3521 1298 3576 inne·

190 3613 241 3686 nes
262 3611 292 3728 ἰ.
353 3593 472 3684 (1515555Ι
492 3591 637 3726 GiBortg.
696 3594 813 3650 senibus
834 3592 945 3650 senium
965 3591 1146 3685 adfectarent
1159 3595 1299 3655 5555515-

188 3667 836 3824 151....ἒ5..ῑ1”ᾎ,ῑ;.”..ῖ;.5ῑ’ἰ;...
857 3672 1300 3826 ιὲᾒὶ.“ἲ.”ῗ6ῗ“ζ.ἷέἒῗ.ἷ“ῗ.ῗὲἔ

187 3825 281 3882 sordis
300 3844 329 3900 p.
364 3843 438 3902 quae
459 3842 505 3882 res
527 3823 609 3882 Fidei
634 3824 663 3880 in
689 3824 764 3882 aede
784 3827 921 3898 Rotam.
974 3827 1038 3882 nasi
1057 3837 1115 3884 tarn
1135 3829 1207 3884 mira
1226 3826 1299 3884 fidos

189 3901 377 3960 Scitrctroiiue.
405 3903 472 3978 qnia
493 3920 539 3958 res
560 3899 646 3958 iidem
668 3901 812 3959 excedens
837 3903 866 3958 G.
890 3841 991 3958 uarii.
1075 3907 1122 3962 18.
1143 3905 1299 3960 consoran-

191 3979 244 4036 dus
264 3982 298 4036 P.
321 3977 518 4036 confutandus
538 3979 570 4036 8.
590 3995 664 4036 rom.
680 3998 709 4056 ρ.
828 3982 874 4036 19.
895 3988 1034 4036 monstrat
1061 3982 1091 4038 G.
1108 3979 1212 4038 85555.

189 4059 238 4114 20.
258 4068 463 4135 processerunt
482 4058 540 4113 PS.
553 4073 628 4114 corr.
639 4075 668 4132 ρ.
738 4056 786 4114 24.
807 4055 1036 4113 commendatum
1058 4055 1158 4114 555555
1177 4060 1200 4114 8
1218 4056 1300 4130 folco

192 4132 345 4269 &donatierat
367 4152 391 4191 5.
426 4133 635 4192 commodatam
655 4132 845 4193 8555555555.
961 4133 1075 4212 perfido
1103 4135 1304 4193 commendata

217 4253 224 4269 .
272 4229 306 4268 or
338 4252 346 4270 .

1033 4307 1102 4376 23.
