3025 4859
283 376 360 455 212
671 388 1015 446 cenomanorum.

371 560 445 629 243.
478 583 564 628 rnre
588 582 707 628 rauca.
741 556 827 650 quod
850 560 991 641 festinat,
1014 566 1088 625 ante
1109 578 1170 625 nos
1192 556 1295 636 uenit,
1326 578 1398 623 cum

287 670 327 738 ab
350 669 497 739 omnibus
519 669 564 738 illi
585 668 676 737 locus
698 670 882 737 transeundi
904 669 1006 736 detur.
1092 690 1228 737 orsrnr.
1250 666 1380 759 inpedit.

373 783 446 849 244.
486 805 571 850 rnna
598 804 695 849 rmoa
723 802 843 849 naono.
884 778 994 871 populi
1026 779 1194 848 multitudo
1224 777 1336 845 stantis
1362 776 1402 845 ad

291 892 439 961 officium.

251 1014 264 1053 ⁶
376 1003 449 1069 245.
473 1024 591 1067 assere
615 1025 711 1072 orno.
735 1005 831 1070 amite
852 1000 994 1069 lecticae.
1019 1000 1197 1069 lecticarios
1219 999 1383 1092 significat.

374 1114 447 1179 246.
472 1135 663 1179 narramur.
687 1136 753 1194 uas,
778 1114 865 1205 quod
886 1112 1074 1204 amphoram
1099 1113 1193 1203 capit

373 1223 448 1290 247.
479 1244 611 1289 rmnvm
636 1247 742 1292 cnvmr
765 1246 862 1291 ιντο.
897 1223 1036 1291 currenti
1064 1220 1117 1289 uel
1146 1223 1307 1291 festinanti
1330 1222 1404 1293 lient

291 1356 386 1405 crura
408 1332 521 1400 lutosa.
1018 1402 1027 1419 ⁸

376 1444 450 1510 240.
472 1467 576 1511 uonna
598 1469 693 1513 umes
717 1470 745 1522 o.
770 1469 798 1513 c.
821 1466 850 1511 e.
875 1470 906 1512 r.
930 1466 1105 1514 eroarvmr.
1135 1453 1252 1537 quanta
1272 1444 1406 1513 inunda-

257 1578 284 1619 ro
297 1556 342 1622 tio
363 1553 418 1621 liet
440 1554 618 1647 sportulam
639 1557 870 1648 accipientium.
948 1578 1045 1623 runo.
1068 1563 1184 1645 quanta
1194 1558 1406 1648 apparatione.

380 1666 454 1731 250.
477 1690 609 1734 cenrvn
633 1691 804 1736 convrvnn.
827 1665 957 1759 perinde
979 1666 1171 1747 conuiuium,
1195 1668 1267 1759 quia
1286 1666 1348 1735 sibi
1362 1668 1407 1733 la·

294 1779 382 1847 ciunt
402 1777 435 1845 in
457 1799 638 1847 commune.
745 1802 905 1855 scovrrra
928 1801 985 1845 sva
1009 1800 1161 1854 orcuovu
1185 1800 1315 1847 cuman.
1338 1775 1409 1871 pul·

294 1889 447 1956 montaria
469 1897 596 1978 portant
617 1912 727 1957 secum
750 1897 922 1981 conparata
946 1912 987 1955 ex
1009 1887 1160 1981 sportula.

381 1998 455 2063 251.
483 1998 640 2065 Conovno
664 2023 730 2066 vnr.
762 2000 813 2067 alii
841 1998 949 2067 dicunt
977 1998 1128 2067 athletam
1150 1998 1232 2066 illius
1256 1997 1409 2089 temporis

260 2126 285 2169 rs
300 2108 415 2175 lortem
437 2106 654 2176 Corbulonem
678 2110 784 2191 luisse,
807 2109 858 2177 alii
880 2132 981 2201 genus
1002 2112 1100 2177 nauis.

382 2218 455 2286 253.
479 2242 642 2287 rsarruar
665 2244 775 2288 rorem.
799 2244 895 2288 cursu
917 2222 1001 2288 enim
1022 2220 1192 2288 uentilatus
1213 2220 1295 2313 ignis
1310 2218 1408 2287 ardet

384 2331 458 2399 254.
482 2352 687 2399 scranvnrvrr
710 2354 862 2400 rvmcro.
893 2331 1061 2401 cuiuslibet
1081 2333 1239 2424 pauperis.
1353 2354 1410 2399 co·

299 2466 436 2513 nvscrr.
459 2450 600 2532 apparet

382 2554 456 2621 255.
478 2578 586 2632 arare
608 2576 738 2621 aarum
757 2574 870 2621 murm.
900 2552 1047 2624 uehicula
1069 2576 1142 2622 nam
1164 2554 1314 2622 materias
1336 2576 1410 2646 por-

197 2744 201 2753 ·
259 2664 397 2734 rotantia
419 2663 568 2731 euntibus
587 2664 760 2756 inpediunt

379 2775 453 2841 256.
487 2795 656 2843 rtavsrnn
678 2796 811 2842 vunvnr
833 2796 965 2844 nvrrnr
987 2798 1082 2845 aare.
1116 2776 1149 2845 in
1178 2774 1261 2844 latus
1288 2796 1324 2843 se
1353 2796 1408 2842 err-

294 2884 420 2955 tollunt.

379 2995 453 3061 257.
476 2992 664 3063 Lrovsrrca.
687 3018 804 3063 nomen
825 2996 957 3065 insulae.

381 3103 455 3171 258.
477 3126 597 3173 nnuma
617 3128 762 3175 uonrrru.
793 3130 908 3177 saxum
926 3108 1061 3176 inmane.

257 3235 285 3278 aa
380 3216 455 3282 260.
477 3233 610 3283 rnvemr
632 3239 809 3286 oermrvrr.
833 3219 1010 3286 minutatim
1032 3217 1204 3287 concisum.

379 3326 453 3392 261.
474 3348 562 3394 arone
586 3349 715 3395 ammae.
748 3328 830 3396 sicut
853 3330 977 3398 animae
1003 3351 1068 3398 non
1095 3330 1257 3412 uidentur,
1284 3329 1328 3397 ita
1355 3352 1409 3398 ca·

295 3436 395 3507 datter
415 3434 578 3504 obteritur.

377 3546 452 3615 263.
472 3569 592 3617 marm
614 3573 711 3618 erro.
735 3558 768 3617 et
790 3556 961 3643 apparatur
983 3550 1022 3619 ad
1045 3548 1158 3619 balnea
1181 3552 1273 3635 lerre,
1302 3552 1330 3620 si
1352 3574 1410 3619 ue·

293 3776 322 3834 7.
345 3783 375 3831 ut
394 3776 453 3833 ΡΒ.
531 3776 634 3836 fierent
653 3782 685 3837 S.
779 3784 824 3837 10.
845 3780 975 3857 sportula
996 3781 1184 3859 accipientum
1205 3782 1263 3838 ΡΒ.
1284 3798 1359 3839 corr.
1381 3799 1406 3839 o.
1493 3810 1494 3815 ¹

294 3856 342 3911 11.
369 3852 491 3943 perinde
518 3864 549 3910 ut
574 3857 736 3913 conuiuium
765 3858 847 3931 quasi
875 3858 929 3913 sibi
955 3856 1064 3914 saciant
1092 3860 1122 3915 G.
1142 3857 1243 3916 Bortlr.
1280 3856 1406 3935 perinde

293 3946 376 4003 quasi
397 3931 561 3988 conuiuium
580 3931 690 3988 saciant
709 3930 937 4005 Srlrnrtzdeisclo.
1042 3940 1087 3993 13.
1131 3943 1228 3992 ortans
1248 3938 1307 3993 ΡΒ.
1328 3952 1405 3993 corr.

294 4004 326 4062 0.
340 4006 443 4064 Burtlr.
520 4026 584 4063 cum
603 4020 707 4085 paratu
731 4011 762 4067 G.
776 4010 875 4067 Bartlt.
964 4016 1011 4070 20.
1033 3954 1229 4090 inpedimento
1249 4024 1318 4070 sunt
1336 4031 1364 4070 a.

290 4086 339 4140 21.
360 4084 391 4139 in'
409 4084 496 4141 altum
518 4102 540 4141 o.
659 4089 707 4144 28.
729 4096 869 4164 apparmr
888 4091 922 4145 P.
944 4100 1120 4168 apparatura
1140 4092 1172 4147 S.
1193 4099 1354 4168 apparatur
1371 4108 1403 4165 p.

288 4174 324 4214 ea
344 4171 484 4237 properat
502 4157 733 4236 Solurtzrloiaolr.
753 4174 964 4243 etapparatum
983 4184 1007 4225 o.
1048 4166 1086 4225 ad
1098 4166 1201 4225 balneo
1215 4169 1402 4243 Pacorum

286 4232 346 4291 lert
363 4254 388 4294 o.
408 4237 486 4297 sorte
502 4237 530 4311 f.
