3025 4859
274 380 351 459 240
654 388 996 449 senomevmmm.

357 560 409 630 91.
444 582 539 629 cvivs
560 582 646 629 aevo
668 582 804 629 moeres.
834 561 923 629 euius
946 560 1050 627 lemae
1070 555 1143 626 uilis
1172 566 1222 627 est
1252 559 1381 628 iactura.

494 671 727 763 [caenenmsl.
754 672 787 738 id
809 680 858 739 εει
874 678 1050 738 matronas.
1201 692 1259 764 pro
1281 667 1384 738 mariti

271 782 423 852 delicatis.

355 892 407 960 94.
430 914 612 961 arvrarrnvtr
632 914 770 961 romeus
793 916 901 961 εεεετ.
925 890 979 959 diu
1002 890 1189 982 nouigotum
1212 898 1290 959 erat.

245 1004 304 1074 sid
337 1012 387 1071 eet
418 1004 458 1071 ‹le
488 1002 633 1093 Tyrreno
665 1004 747 1071 mari
779 1004 820 1072 ad
847 1001 1021 1071 Adriacum
1048 1010 1080 1069 et
1108 1001 1149 1070 de
1177 1002 1316 1071 Adriaco
1345 999 1384 1067 ad

268 1113 395 1209 ligeum
418 1114 587 1181 transitura
608 1121 685 1183 erat.

354 1224 406 1292 95.
428 1249 457 1295 ει
477 1243 575 1292 namo
598 1246 667 1289 εετ.
689 1222 722 1289 id
735 1230 796 1304 est,
818 1222 845 1290 si
867 1244 962 1289 causa
986 1223 1026 1289 sit
1048 1224 1258 1315 nauigationis
1280 1222 1384 1315 digna,

268 1344 520 1428 propterquam
546 1356 583 1401 εε
604 1331 753 1425 periculis
775 1334 871 1403 etiem
893 1333 1094 1401 committere
1114 1332 1265 1417 debeant,
1287 1334 1385 1426 trepi-

271 1444 383 1513 dantes
406 1443 469 1534 [se]
491 1448 655 1513 excusant.

231 1575 260 1619 ιε
356 1554 409 1621 90.
439 1576 591 1624 recreas
611 1572 675 1621 mec
698 1573 873 1621 raeirvms.
901 1576 962 1625 nee
983 1576 1021 1625 se
1048 1557 1212 1625 continere
1241 1562 1384 1648 possunt.

269 1662 458 1733 exclamatio
480 1666 513 1733 in
534 1661 631 1731 rebus
653 1664 851 1754 turpissimis.

353 1776 406 1842 97.
427 1796 558 1843 romeu
567 1797 704 1845 aarum.
727 1796 842 1843 sexum
856 1772 1045 1844 muliebrem
1060 1773 1199 1844 abiciunt
1213 1784 1247 1844 et
1262 1777 1384 1847 animos

268 1885 376 1953 uiriles
398 1893 536 1953 sumunt.

354 1994 407 2061 98.
440 2016 670 2065 commanem:
692 2017 813 2064 mrem
846 1996 878 2065 id
901 2005 966 2079 est,
989 2020 1065 2065 cum
1085 1997 1198 2065 marito
1221 1995 1382 2091 nauigatio

231 2126 257 2169 ιε
271 2128 368 2199 aegre
389 2103 549 2173 toleratur.
637 2105 789 2195 [υνιινιι]Ι
811 2106 844 2177 id
867 2115 925 2189 est,
948 2107 1073 2176 dillicile
1096 2116 1154 2177 εει.

355 2216 427 2285 100.
449 2239 530 2293 orae
546 2238 706 2285 uoeeuvar
721 2240 893 2295 seovrrvrr.
917 2216 1021 2300 idest,
1045 2242 1127 2310 quae
1149 2240 1224 2287 cum
1245 2215 1380 2287 moecho

268 2326 400 2419 nauigat
432 2324 634 2393 stomachum
667 2323 809 2394 ualidum
836 2350 875 2396 ae
906 2328 1025 2397 sortem
1054 2326 1165 2409 habet,
1197 2349 1382 2423 quaecum

269 2435 392 2518 marito,
412 2434 574 2503 infirmum
597 2442 629 2501 et
649 2436 812 2518 miserum,
834 2445 869 2503 ut
890 2437 1013 2507 mulier.

355 2547 428 2613 101.
460 2568 628 2615 corrvomr
648 2568 734 2613 naec
756 2570 857 2617 mer-m
879 2572 1016 2618 NAVTAS.
1042 2550 1161 2632 idest,
1187 2570 1252 2617 non
1278 2547 1380 2617 solum
1414 2556 1418 2561 '

228 2688 259 2730 m
271 2656 359 2751 quod
379 2677 445 2725 non
464 2654 600 2724 moleste
620 2656 703 2724 leret
722 2659 967 2751 nauigationem,
989 2659 1046 2729 sed
1064 2661 1163 2728 etiam
1174 2661 1208 2729 in
1222 2682 1288 2753 quo
1306 2680 1382 2727 usus

268 2767 412 2859 exegerit
431 2774 545 2834 nautas
565 2767 598 2835 in
620 2773 811 2859 tempestate
832 2768 930 2837 iuuat.

356 2876 428 2945 102.
449 2900 513 2945 ree
534 2898 666 2946 everen
689 2901 732 2945 er
753 2903 786 2947 n.
809 2903 840 2947 ε.
863 2903 893 2947 ε.
916 2880 957 2949 ad
978 2882 1070 2951 funes
1091 2902 1221 2950 manum
1244 2880 1378 2948 mittere.

356 2986 426 3055 104
448 3010 534 3065 oron
555 3006 654 3053 ovum
676 3011 753 3056 mci.
777 2988 859 3056 ludis
882 2992 1035 3073 seruiens,
1056 2988 1240 3084 gladiatoris
1263 3012 1354 3059 uxor.

357 3096 429 3162 105.
465 3118 632 3165 svsrmvra
655 3122 722 3166 aaa
744 3100 939 3169 Sereroevs.
972 3100 1156 3194 Sergiolum
1182 3100 1311 3169 nomine
1341 3120 1381 3169 ex

231 3236 258 3279 2⁵
271 3204 446 3298 gladiatore
467 3208 600 3288 amauit,
623 3207 675 3298 qui
699 3217 731 3274 et
751 3206 863 3279 Ludor
886 3210 987 3279 dictus
1011 3219 1072 3291 est,
1102 3214 1155 3303 qui
1178 3212 1218 3277 sit
1247 3210 1302 3278 rliu
1328 3208 1381 3277 de·

269 3323 412 3384 moratus
434 3316 466 3385 in
487 3315 573 3385 ludo.
596 3317 658 3409 qui,
681 3324 717 3385 ut
737 3320 881 3412 requiem
898 3318 1093 3415 gladiaturae
1112 3318 1253 3405 haberet,
1273 3318 1381 3390 Bello·

269 3427 392 3495 narium
412 3450 449 3495 se
472 3429 600 3497 lecerat
1047 3438 1049 3442 '

144 3735 148 3743 '
271 3738 298 3794 1.
320 3734 398 3792 lama
418 3736 450 3792 S.
529 3738 559 3793 2.
580 3748 726 3799 matronas
746 3742 778 3800 id
798 3752 842 3801 est
861 3744 919 3801 ΡΒ.
940 3760 1015 3803 corr.
1034 3762 1060 3803 ε.
1138 3763 1192 3821 pro
1206 3744 1342 3802 matronis
1355 3761 1378 3802 ε.

269 3817 298 3870 9.
320 3830 352 3869 εε
373 3811 438 3869 odd.
458 3829 483 3870 t.
562 3819 609 3872 10.
632 3820 774 3877 sustinere
794 3838 818 3877 e.
899 3826 947 3879 11.
968 3821 1259 3880 excelluntanimoe.
1319 3832 1379 3877 mr*

269 3887 427 3947 bidissimis
449 3907 472 3945 ε.
493 3889 565 3947 mtto
581 3892 709 3952 scholion
730 3896 768 3953 aa
787 3896 834 3955 64.
855 3897 1033 3970 referendam
1053 3898 1175 3956 uidetur.
1265 3902 1313 3959 15.
1334 3909 1380 3953 to·

269 3964 378 4023 leratur
397 3975 427 4024 et
447 3965 565 4025 difficile
585 3972 644 4028 PS.
665 3990 738 4031 corr.
759 3992 783 4031 ε.
862 3980 910 4033 20.
930 3976 987 4034 sert
1001 3994 1027 4034 ε.
1107 3977 1131 4032 si
1147 3975 1262 4050 quando
1276 3994 1378 4035 usust.

268 4046 318 4100 21.
337 4044 458 4119 exigerit
476 4045 536 4101 Ps.
556 4063 629 4103 corr.
648 4065 674 4104 ε.
745 4054 794 4109 23.
816 4051 902 4109 lodiis
921 4051 950 4111 lt.
1017 4052 1065 4112 24.
1085 4052 1228 4111 hominem
1239 4053 1268 4112 la.
1328 4064 1379 4111 ex·-

267 4118 458 4197 gladiatorem
471 4118 703 4197 Seterrzttetsete
779 4132 829 4189 26.
852 4130 919 4206 quie
936 4149 965 4206 p.
