3025 4859
276 390 328 465 20
653 404 688 457 n.
708 400 797 457 nnn
815 398 1009 457 rvvnmms

278 596 339 641 nec
360 571 436 640 uolo
459 595 519 638 nec
540 594 687 663 possum,
710 592 860 638 ranarum
880 571 1005 636 uiscera
1026 588 1202 659 numquam

278 683 419 774 inspexi,
441 684 524 748 serre
546 682 586 749 ad
610 691 742 773 nuptam
765 704 846 773 quac
867 682 964 746 mittit
983 676 1116 758 adulter,
1342 682 1383 742 45

281 818 362 885 quae
384 793 529 873 mandat,
553 802 670 859 norunt
693 792 759 873 alii,
782 816 834 858 me
856 814 951 858 nemo
973 791 1115 858 ministro

279 906 329 972 fur
352 906 425 985 erit,
447 904 551 994 adque
573 904 645 969 ideo
669 902 745 970 nulli
769 925 877 969 comes
901 925 998 982 exeo,
1021 910 1184 992 tamquam

279 1039 411 1083 mancus
435 1024 467 1082 et
489 1016 664 1080 exstinctae
687 1035 804 1103 corpus
826 1036 889 1078 non
912 1013 989 1079 utile
1012 1013 1159 1079 dextrae.

281 1128 351 1221 quis
373 1148 458 1192 nunc
481 1124 627 1216 diligitur,
650 1126 709 1191 nisi
732 1124 888 1204 conscius,
913 1132 945 1189 et
966 1125 1017 1191 eui
1041 1125 1168 1190 lerrrens

281 1245 404 1304 aestuat
427 1236 559 1302 occultis
583 1238 706 1303 animus
730 1257 921 1325 semperque
944 1231 1109 1302 tacendis?
1346 1240 1386 1297 50

281 1347 325 1415 nil
346 1346 402 1412 tibi
424 1368 459 1411 se
482 1346 599 1414 debere
621 1354 722 1439 putat,
745 1344 789 1412 nil
813 1346 956 1413 conferet
977 1368 1143 1437 umquam,

280 1458 467 1548 participem
490 1460 542 1548 qui
565 1467 596 1524 te
620 1457 735 1525 secreti
756 1456 833 1521 lecit
851 1454 992 1539 honesti;

282 1589 374 1634 carus
397 1568 456 1633 erit
477 1565 580 1649 Verri,
604 1570 658 1659 qui
679 1565 815 1633 Verrem
838 1574 981 1657 tempore
1004 1590 1067 1657 quo
1089 1566 1161 1633 uult

281 1701 433 1745 accusare
455 1687 569 1769 potest.
614 1679 692 1744 tanti
715 1678 771 1742 tibi
791 1700 855 1743 non
878 1678 918 1742 sit
940 1679 1031 1769 opaci

282 1788 383 1855 omnis
405 1786 524 1855 harena
546 1786 627 1879 Tagi
649 1788 800 1879 quodque
822 1789 854 1854 in
876 1810 965 1854 mare
986 1790 1126 1857 uoluitur
1147 1809 1269 1867 aurum,
1346 1794 1387 1849 55

282 1906 317 1965 ut
340 1920 452 1965 somno
476 1920 583 1964 careas
606 1898 817 1989 ponendaque
839 1899 981 1990 praemia
1003 1922 1110 1966 sumas

282 2010 378 2075 tristis
402 2017 434 2075 et
456 2032 474 2074 a
495 2031 612 2100 magno
636 2032 765 2101 semper
787 2010 927 2075 timearis
948 2008 1068 2077 amico!

361 2118 461 2205 'Quae
484 2142 567 2185 nunc
590 2118 739 2185 diuitibus
762 2144 840 2212 gens
863 2122 1085 2211 acceptissima
1106 2121 1223 2188 nostris

283 2241 316 2301 et
338 2253 418 2323 quos
440 2229 610 2319 praecipue
634 2230 770 2321 logiam,
792 2230 973 2323 properabo
996 2234 1103 2314 lateri,

282 2365 342 2411 nec
364 2341 467 2433 pudor·
490 2337 636 2407 obstabit.
671 2363 735 2407 non
756 2366 891 2433 possum
913 2344 1010 2424 lerre,
1034 2342 1189 2428 Quirites,
1348 2352 1390 2406 60

283 2454 442 2520 Graecam
463 2447 584 2515 urbem.
614 2453 760 2541 quamuis
781 2462 880 2543 quota
902 2454 1005 2542 portio
1029 2455 1127 2520 faecis
1150 2446 1291 2519 Achaei?

281 2559 490 2651 iampridem
511 2558 614 2649 Syrus
635 2561 668 2627 in
690 2560 832 2629 Tiberim
855 2564 987 2630 defluxit
1009 2563 1156 2643 Orontes,

283 2682 315 2740 et
336 2672 477 2763 linguam
500 2678 532 2736 et
553 2693 659 2737 mores
681 2680 713 2737 et
736 2694 812 2739 cum
832 2673 960 2741 tibicine
978 2673 1116 2741 chordas

283 2782 427 2874 obliquas
448 2803 509 2848 nec
531 2803 595 2847 non
618 2780 747 2872 gentiha
770 2792 921 2874 tympana
943 2808 1054 2853 secum

282 2896 371 2963 uexit
394 2900 426 2959 et
447 2892 488 2958 ad
510 2891 631 2957 circum
652 2892 754 2959 iussas
778 2902 922 2984 prostare
944 2893 1082 2985 puellas:
1348 2906 1388 2963 65

282 3009 325 3075 ite
347 3004 461 3097 quibus
484 3009 573 3094 grata
596 3010 644 3067 est
665 3004 751 3094 picta
772 3002 849 3096 lupa
870 3006 1004 3074 barbara
1026 3003 1132 3073 mitra!

281 3118 420 3186 rusticus
442 3112 494 3180 ille
517 3121 590 3179 tuus
613 3114 710 3179 sumit
733 3112 953 3209 trechedipna,
977 3118 1124 3203 Quirine,

283 3238 315 3298 et
337 3224 529 3296 ceromatico
552 3224 612 3290 lert
634 3224 785 3292 niceteria
808 3225 906 3294 collo!

281 3336 333 3404 hic
355 3335 418 3403 alta
440 3335 590 3425 Sicyone,
613 3342 663 3401 ast
683 3334 735 3403 hic
757 3336 927 3426 Amydone
949 3335 1073 3419 relicta,
1509 3397 1510 3416 ,

280 3446 333 3516 hic
355 3446 473 3527 Andro,
495 3444 548 3513 ille
571 3444 678 3526 Samo,
701 3444 753 3514 hic
776 3446 935 3518 Trallibus
956 3458 1012 3518 aut
1032 3448 1205 3520 Alabandis
1349 3464 1390 3519 70
1509 3483 1510 3490 ¹

281 3623 328 3681 46.
350 3621 445 3679 norint
464 3636 491 3687 ς.
598 3623 646 3679 48.
667 3622 809 3680 exstincta
830 3657 866 3668 -
888 3624 989 3682 dextra
1011 3627 1151 3698 Ercorita,
1172 3628 1330 3687 Marllaod
1349 3628 1388 3688 ad

281 3703 362 3757 Stat.
376 3698 443 3756 ailo.
455 3702 498 3765 ΙΙ,
508 3700 535 3764 2,
548 3702 613 3757 139.
681 3702 727 3757 55.
750 3702 828 3776 tangi
841 3704 873 3758 S.
941 3707 987 3760 56.
1007 3702 1210 3780 horrendaque
1222 3705 1374 3765 Schrader.

280 3779 329 3836 58.
352 3794 426 3852 quae
446 3794 522 3830 nunc
542 3793 582 3830 ru:
604 3794 678 3851 quae
699 3796 744 3833 u«.
756 3780 790 3846 P,
811 3798 886 3854 qnae
905 3798 964 3835 non
983 3782 1083 3855 pdpog.
1163 3788 1201 3840 60
1213 3802 1257 3859 aq.
1278 3804 1387 3841 non-

280 3854 387 3911 Achaei
406 3850 732 3920 scltol.ercoatI,284.
803 3860 849 3913 61.
870 3874 984 3931 grecam
996 3862 1030 3915 P.
1095 3858 1167 3917 fecis
1179 3864 1213 3917 P.
1284 3861 1386 3919 achaei

279 3930 366 3989 schol.
381 3930 504 3996 Latroni,
524 3927 606 4003 depgr
628 3930 754 3989 achaeae
769 3936 830 4001 Pro,
850 3934 971 3991 aehioae
992 3951 1039 4002 ας.
1115 3940 1163 3994 62.
1183 3938 1273 4013 Syrus
1287 3940 1315 3994 in
1331 3940 1386 3995 Ti-

279 4009 370 4066 berim
391 4010 447 4073 Ρςε
467 4006 495 4060 in
518 4005 546 4061 T
547 4006 646 4062 iberim
668 4007 757 4081 Syrus
779 4030 814 4068 ω.
913 4015 960 4069 63.
982 4013 1106 4088 linguam
1127 4018 1166 4071 P:
1188 4015 1285 4091 lingua
1305 4004 1370 4093 pos

280 4086 395 4141 tibicine
417 4101 478 4159 par:
498 4082 626 4141 „ildoino
648 4086 681 4151 P,
702 4085 838 4144 rhihirine
858 4091 889 4146 S.
980 4089 1083 4147 cordas
1103 4094 1187 4166 proS:
1206 4092 1306 4149 *ordas
1327 4097 1361 4150 P.

280 4164 327 4219 67.
339 4158 580 4236 traeraedipnaP,
600 4160 794 4241 rachaedipna
805 4184 835 4239 p,
850 4166 1027 4244 rechedipna
1038 4167 1192 4239 toProbus,
1201 4169 1388 4229 rechedimna

280 4237 326 4297 ool
344 4238 509 4298 recedimna
528 4252 556 4305 ς.
636 4242 683 4297 68.
704 4239 780 4300 leret
790 4245 825 4299 P.
903 4248 951 4303 70.
972 4244 1103 4303 trallibus
1122 4264 1182 4325 peu:
1201 4248 1321 4306 tralibus
1331 4250 1367 4305 P.
