3025 4859
295 347 344 423 62
669 363 1024 420 11111111111111111113

293 529 374 598 haec
396 539 503 598 tamen
525 533 648 624 argenti
670 542 819 624 superest
841 533 1067 626 quodcumque
1087 531 1210 624 paterni
1338 541 1400 604 355

292 641 417 711 lenibus
440 641 565 708 athletis
587 651 621 709 et
642 666 720 710 uasa
741 645 914 712 nouissima
937 643 1048 725 donat3

292 752 399 820 multis
421 777 474 820 res
496 762 631 846 angusta
652 754 752 836 domi,
776 756 832 823 sed
854 753 940 822 nulla
963 754 1119 845 pudorem

293 865 488 954 paupertatis
510 861 620 945 habet,
642 887 702 931 nec
724 889 761 931 se
783 867 912 932 metitur
934 865 975 932 od
996 862 1101 943 illum,

294 996 391 1064 quem
414 973 500 1040 dedit
521 972 602 1040 haec
622 976 794 1067 posuitque
816 975 957 1042 modum.
993 981 1100 1042 temen
1121 971 1198 1040 utile
1221 973 1297 1068 quid
1319 975 1371 1054 sit,

292 1084 490 1174 prospiciunt
511 1081 679 1175 aliquando
702 1086 775 1165 uiri,
799 1087 963 1178 frigusque
986 1085 1167 1177 famemque
1338 1093 1398 1150 380

293 1193 425 1260 formica
448 1193 578 1260 tandem
599 1195 728 1283 quidam
751 1218 912 1288 expauere
934 1195 1100 1286 magistra:

291 1303 426 1395 prodiga
447 1327 512 1370 non
533 1305 628 1371 sentit
649 1315 838 1396 pereuntem
861 1306 977 1372 lemine
999 1325 1140 1372 censum.

293 1434 331 1478 ac
352 1411 442 1479 uelut
464 1413 620 1482 exhausta
641 1417 803 1484 rediuiuus
826 1414 960 1508 pullulet
982 1437 1057 1482 aron

292 1545 442 1590 nummus
465 1534 497 1590 et
519 1549 537 1591 e
559 1525 655 1617 pleno
679 1525 807 1594 tollatur
829 1547 955 1616 semper
977 1547 1109 1606 aceruo,

292 1656 358 1702 nou
379 1658 531 1727 umquam
554 1645 703 1727 reputant
723 1638 833 1729 quanti
855 1633 914 1700 sibi
936 1635 1051 1726 gaudia
1073 1642 1229 1704 constent.
1336 1643 1398 1700 365

380 1744 464 1813 Sunt
485 1770 564 1837 quas
587 1746 723 1815 eunuchi
744 1745 878 1814 inbelles
900 1768 937 1812 ac
959 1744 1066 1812 mollio
1088 1767 1215 1838 semper

294 1855 404 1925 oscula
427 1855 586 1924 delectent
608 1866 641 1924 et
662 1859 840 1949 desperatio
865 1854 995 1937 barbae,

294 1976 327 2035 et
348 1968 435 2060 quod
457 1966 600 2035 abortiuo
623 1991 688 2036 non
711 1977 760 2035 est
782 1990 879 2058 opus;
901 1965 954 2033 illo
976 1965 1124 2059 uoluptas

294 2099 419 2146 summa
441 2087 562 2160 tamem
584 2079 756 2172 quodiam
779 2077 880 2145 calido
902 2085 1027 2144 matura
1047 2077 1177 2144 iuuenta

294 2189 422 2280 inguina
446 2190 612 2258 traduntur
633 2190 780 2269 medicis,
803 2189 867 2256 ium
889 2188 1015 2278 pectine
1036 2187 1137 2279 nigro.
1338 2199 1400 2258 370

294 2321 370 2390 ergo
393 2308 554 2391 spectatos
576 2322 614 2367 ac
635 2300 739 2369 iussos
764 2321 909 2366 crescere
930 2300 1069 2391 primum

292 2409 471 2491 testiculos,
494 2418 666 2503 postquam
687 2417 864 2502 coeperunt
886 2433 957 2478 esse
980 2407 1121 2490 bilibres,

292 2521 429 2587 tonsoris
451 2520 566 2589 damno
589 2529 714 2590 tantum
734 2521 817 2612 repit
837 2519 1039 2588 Heliodorus.

293 2631 485 2723 conspicuus
506 2631 604 2723 longe
625 2632 813 2725 cunctisque
835 2630 981 2699 notabilis
1003 2633 1099 2698 intret
1292 2703 1295 2714 ,

291 2737 420 2822 balneo,
442 2764 504 2809 nec
526 2741 621 2810 dubie
643 2742 812 2810 custodem
834 2742 907 2808 uitis
930 2749 962 2808 et
982 2738 1068 2807 horti
1336 2751 1398 2813 375

291 2861 488 2943 prouocato
511 2853 637 2920 domina
659 2854 763 2921 lactus
786 2851 895 2943 spado.
932 2851 1068 2918 dormiat
1089 2848 1142 2916 ille

292 2983 367 3028 cum
389 2961 531 3043 domina,
554 2963 610 3030 sed
634 2971 669 3029 tu
690 2963 754 3028 iam
777 2961 905 3043 durum,
928 2959 1098 3040 Postume,
1119 2961 1247 3054 iamque

292 3072 489 3142 tondendum
511 3070 657 3140 eunucho
679 3071 847 3141 Bromium
870 3072 1069 3140 committere
1091 3070 1164 3144 noti,

291 3257 359 3314 356.
381 3264 410 3314 et
430 3273 502 3312 uasa
520 3253 673 3328 Pulsate:
698 3273 733 3312 ae
753 3272 824 3312 uase
844 3271 879 3314 ω.
995 3258 1062 3313 357.
1084 3252 1161 3310 domi
1181 3261 1226 3313 est
1243 3251 1285 3326 [ς.

290 3336 346 3390 361
368 3335 488 3390 Seruius
506 3330 545 3389 od
563 3332 884 3406 l'er9.Aen.1V,‹lO2.
1000 3335 1058 3389 362
1077 3329 1218 3406 mutbops.
1238 3331 1401 3394 virtum

290 3428 321 3485 p.
328 3413 385 3468 254
393 3414 439 3468 Μ.
502 3412 559 3468 362
568 3411 698 3484 11651364
709 3407 870 3484 ponendum
881 3405 1207 3480 oeusoutSoburzfleioob
1218 3408 1398 3470 etlieinriob.

291 3490 358 3544 363.
380 3506 414 3544 ae
433 3489 499 3544 Pro:
525 3496 554 3543 at
574 3483 651 3551 odd,
678 3486 732 3544 sed
750 3484 810 3542 eod.
827 3484 1220 3560 361111111111111111.34,39.
1344 3505 1396 3546 ex·

290 3562 394 3620 hausta
413 3582 448 3638 p:
474 3572 594 3620 exausta
614 3560 663 3633 Pf.
800 3562 946 3619 recidiuus
967 3564 1121 3638 Scioppius
1136 3565 1260 3622 1111311111.
1278 3565 1333 3632 111,
1349 3569 1396 3624 10.

290 3641 331 3698 Ν.
346 3643 483 3696 Heinsius
499 3638 538 3696 ud
556 3638 709 3698 Gloudiuu.
726 3638 766 3696 id.
778 3642 804 3707 I,
817 3641 863 3696 66.
980 3641 1046 3697 364.
1068 3639 1185 3698 tollatur
1204 3659 1320 3716 semper
1338 3645 1398 3708 Ρςε

292 3735 406 3794 semper
425 3716 542 3773 tollatur
562 3735 597 3774 ω.
676 3719 742 3775 365.
764 3735 964 3791 nonunquam
983 3735 1043 3792 porr
1063 3735 1252 3792 nonauaqunm
1266 3721 1302 3790 P,
1323 3737 1396 3776 non·

290 3812 446 3868 numquam
465 3792 489 3865 f.
586 3803 722 3872 repetunt
736 3791 838 3868 odfpg,
866 3813 896 3850 re
921 3803 981 3850 utet
1000 3794 1163 3852 Asoensius.
1256 3795 1398 3854 3671111·

290 3869 399 3929 lectant
415 3888 443 3937 ς.
512 3874 580 3930 369.
602 3870 717 3946 qnando
739 3871 835 3927 calida
855 3813 1007 3928 Sodruder.
1085 3874 1151 3930 371.
1173 3881 1319 3949 spectatos
1340 3876 1399 3939 Ρςε

291 3959 475 4025 exspectatos
494 3965 550 4022 pm.
654 3951 720 4004 372.
742 3947 859 4004 bilibres
879 3966 939 4022 pto:
965 3948 1080 4004 bilibres
1102 3951 1136 4006 P.
1241 3953 1297 4010 373
1317 3948 1398 4008 Atto

292 4025 486 4084 Floriuoenois
502 4031 627 4101 quueott.
642 4042 764 4098 promus.
778 4043 805 4100 p.
817 4026 874 4082 334
894 4023 973 4098 (Μαί
986 4031 1078 4082 uuott.
1091 4023 1175 4084 cluso.
1192 4023 1247 4100 V).
1331 4037 1400 4084 tun·

291 4103 365 4159 soris
375 4105 407 4159 8.
487 4102 592 4158 damno
605 4111 714 4158 tantum
723 4105 790 4160 Pto:
807 4100 1013 4158 damnoLieini
1024 4099 1113 4172 Atto,
1126 4101 1197 4178 quod
1207 4101 1289 4179 prob.
1300 4104 1400 4162 (leun-

290 4197 348 4238 uue
361 4177 441 4238 nott
451 4182 530 4237 Litt.
541 4181 608 4252 ztp.
618 4181 693 4237 1836
713 4183 780 4253 Ery.
795 4177 841 4236 Bi.
858 4197 888 4236 11.
898 4178 936 4238 19
949 4197 979 4256 p.
990 4183 1057 4239 387.
1134 4183 1201 4240 375.
1213 4179 1330 4240 dubiae
1350 4183 1384 4240 P.

290 4258 359 4316 378.
379 4255 557 4315 tundendum
574 4258 609 4317 P.
687 4253 826 4324 moechae
846 4255 995 4316 Bromium
1014 4253 1163 4338 Kunpfitu
1178 4255 1254 4334 obet.
1270 4277 1300 4338 p.
1309 4261 1358 4318 17.
