3025 4859
593 392 740 448 sarran
756 393 778 447 1.
1165 376 1238 450 175

215 557 267 625 23.
309 557 335 624 F
336 582 413 626 rona
434 583 553 628 nrnvu.
597 571 755 642 matrona,
789 569 824 628 ut
851 561 937 654 quod
965 570 1076 628 natura
1104 561 1241 654 denegat

136 664 314 735 deliciarum
336 670 496 738 allluentia
516 670 676 763 largiatur.

213 779 265 844 26.
310 779 386 848 Cvn
407 804 496 849 rans.
539 780 690 850 Niliacus.
721 781 913 874 [Crispinus]
936 808 1018 850 unus
1040 782 1078 849 de
1100 781 1239 850 consuli·

134 885 190 954 bus
220 887 359 958 Liciniae
390 914 428 959 ac
456 892 495 958 de
525 892 618 984 plebe
645 894 784 984 Aegypti
814 893 886 974 luit,
912 915 1099 984 magnarum
1126 902 1239 985 postea

135 996 254 1068 Romae
275 1001 471 1069 facultatum.
566 1001 698 1070 cisoa.
744 1001 896 1094 Canopus
920 1003 1068 1094 oppidum
1091 1004 1264 1094 Aegyptia

135 1110 251 1178 dictum
273 1135 291 1178 a
313 1111 526 1205 gubernatore
547 1113 693 1196 Menelai,
723 1115 776 1207 qui
802 1112 920 1181 ibidem
949 1136 1057 1181 morsu
1083 1114 1238 1205 serpentis

134 1225 289 1293 extinctus
312 1232 370 1290 est.

213 1334 266 1400 28.
310 1331 483 1401 Venrruer
504 1359 554 1402 as.
577 1359 608 1401 n.
646 1359 702 1427 per
724 1336 882 1404 luxuriam
904 1336 988 1402 enim
1010 1332 1122 1402 anulos
1146 1335 1240 1402 aesti-

134 1463 190 1508 uos
212 1452 247 1510 et
267 1442 418 1512 hiemales
440 1446 612 1512 inuenerat

212 1553 266 1619 31.
289 1552 342 1620 Va
365 1578 493 1623 renent·
515 1579 561 1622 sa..
583 1563 704 1622 utnon
727 1556 844 1622 scribat
865 1557 1083 1623 accusationes
1102 1553 1238 1622 illorum.
1252 1581 1278 1622 ιο

213 1663 267 1730 32
287 1663 466 1733 blnrnorus.
489 1665 645 1746 aduocati,
668 1667 722 1758 qui
744 1666 917 1734 sceleribus
933 1666 1022 1732 diues
1038 1666 1169 1732 effectus
1181 1670 1238 1730 est.

132 1769 287 1841 becaren.
310 1800 411 1868 genus
433 1774 587 1858 uehiculi3
610 1775 732 1844 nobiles
755 1780 839 1845 enim
860 1776 980 1844 lecticis
1002 1773 1209 1841 uehebantur.

214 1884 267 1952 33.
311 1885 421 1953 Penus
442 1909 522 1954 raso.
553 1888 626 1977 quia
650 1910 776 1955 crassus
798 1888 865 1955 luit.
958 1885 1119 1953 Dosaron
1141 1908 1240 1952 nurci.

133 1993 343 2063 Heliodorum
365 1995 520 2087 significat
543 1997 726 2065 delatorem.
940 1998 1039 2084 [otton
1062 1994 1238 2083 svranasr]

133 2106 184 2173 uel
206 2116 349 2189 ceteros3
373 2106 530 2173 delatione
553 2106 675 2174 scilicet
696 2115 820 2198 partem
848 2108 1021 2173 maximam
1042 2108 1239 2197 proscripse-
1252 2127 1278 2170 ιε

131 2225 210 2296 runt,
235 2240 279 2283 ex
300 2240 437 2308 quorum
459 2216 549 2284 bonis
571 2218 671 2285 multa
694 2216 899 2306 diripuerunt.
1009 2239 1146 2307 namque
1168 2214 1240 2294 hoc,

131 2328 201 2416 quia
232 2351 406 2395 narrvnvs
437 2328 520 2407 dicit,
554 2327 593 2394 ad
624 2325 844 2396 crudelitatem
873 2328 976 2393 relert.
1011 2349 1085 2393 nam
1112 2349 1130 2393 a
1162 2324 1241 2395 Silla

131 2437 219 2504 multi
245 2439 342 2505 occisi
364 2447 397 2504 et
418 2439 594 2530 proscripti.
777 2435 988 2503 Heliodorum
1010 2436 1084 2504 dicit
1105 2438 1241 2503 stoicum

131 2546 371 2641 philosophum,
403 2551 457 2640 qui
490 2546 526 2616 L.
553 2546 678 2614 lunium
711 2545 873 2626 Silanum,
909 2547 1097 2639 discipulum
1133 2570 1240 2628 suum,

131 2680 203 2725 cum
237 2669 425 2751 argueretur
458 2658 697 2736 coniurationis,
734 2655 907 2722 inficiatum
944 2658 1150 2725 domesticam
1186 2656 1280 2726 de-ao

130 2767 283 2838 lationem
319 2773 414 2837 etiam
450 2771 631 2836 testimonio
662 2767 829 2858 oppressit.
869 2765 918 2832 alii
947 2767 1136 2860 filosophum
1163 2763 1243 2832 Tra-

130 2880 190 2947 iani
213 2882 332 2961 dicunt,
356 2881 410 2970 qui
432 2879 569 2946 Baream
592 2885 773 2944 senatorem
796 2876 908 2943 detulit
924 2886 956 2944 et
971 2878 1140 2945 damnauit
1162 2898 1243 2942 non-

129 2988 206 3057 nulli
226 2989 429 3058 Demetrium
450 2989 646 3056 causidicum
667 2987 785 3070 dicunt,
816 2990 870 3080 qui
897 2989 1015 3056 multos
1043 2986 1164 3055 Neroni
1186 2986 1241 3053 de-

131 3366 159 3421 3.
178 3357 239 3422 ‘bio
263 3365 415 3440 (triopinua
441 3381 456 3419 e
478 3361 558 3438 plebe
581 3361 640 3435 fuit
665 3361 802 3437 Aegyptio
828 3380 994 3436 magnorum
1013 3370 1114 3439 posteo
1133 3365 1243 3420 Romae

132 3437 311 3509 facultatum
336 3446 363 3496 et
385 3443 613 3515 promotionum,
638 3437 780 3511 siquidem
806 3455 842 3495 en
867 3437 998 3498 tiburtino
1025 3445 1139 3496 sanator
1159 3444 1242 3495 ectu

131 3518 246 3576 Nerone
264 3517 376 3589 fuctus,
396 3524 428 3573 ut
447 3516 561 3574 Probus
579 3509 692 3589 inquit?
719 3517 751 3569 V.
838 3515 1042 3573 consodalibus
1064 3516 1156 3572 Licini
1177 3517 1244 3572 ltu-

131 3588 230 3651 lenius
240 3594 333 3652 oleott.
345 3597 388 3661 11,
401 3598 449 3651 28.
532 3597 561 3649 6.
581 3589 708 3648 Menalio
719 3593 777 3648 PS.
800 3609 871 3648 corr.
884 3595 1021 3663 Euenum,
1042 3596 1167 3666 Rutpers
1177 3608 1244 3648 aar.

131 3666 205 3728 lectt.
219 3675 298 3738 1111,
308 3674 337 3728 4.
425 3674 452 3728 8.
470 3663 509 3726 ‘et
524 3668 577 3726 boo
597 3668 718 3724 tuaurio
737 3669 897 3738 inuenerat,
917 3671 1010 3745 iamrtt
1030 3668 1151 3737 Probus,
1172 3667 1244 3726 ulios

131 3748 238 3805 anulos
258 3750 394 3813 aestiuos,
415 3745 490 3805 atim
509 3764 579 3803 uero
599 3737 750 3801 tramam?
776 3747 809 3804 V.
938 3755 965 3804 9.
988 3747 1158 3803 inuenerant
1178 3764 1201 3802 c.

130 3828 218 3901 t1sq.
241 3823 611 3880 ltlatbonis-uebebantur
630 3839 683 3878 oar.
704 3822 736 3876 S.
889 3825 935 3880 14.
956 3823 1056 3879 luurmu
1076 3821 1183 3880 odrltdi.

131 3903 177 3958 15.
199 3901 344 3959 dilacione
363 3903 421 3957 PS.
512 3899 622 3956 scilicet
642 3900 764 3954 comest.
786 3897 884 3956 Sicilie
905 3901 962 3968 PS,
988 3900 1087 3974 Syllae
1107 3900 1242 3965 Erumttu,

130 3977 268 4034 nobilium
286 3976 313 4034 b.
379 3981 423 4035 17.
445 3987 592 4053 rapturum
612 3976 670 4031 PS.
735 3980 781 4032 111.
804 3976 853 4052 qui
872 3976 1012 4032 Licinium
1033 3975 1163 4032 Silanum
1183 3975 1244 4035 PS.

130 4057 339 4129 cormLtpoiuo
354 4053 391 4112 od
407 4056 475 4112 Tac.
487 4071 556 4112 uun.
567 4055 652 4120 XVI,
664 4055 693 4108 7.
751 4051 1011 4110 20.inficiateu1n
1032 4054 1090 4119 Pa,
1111 4051 1241 4107 inlician-

129 4138 186 4186 tem
207 4140 325 4208 praeter
343 4151 371 4208 p.
420 4199 421 4202 Ἴ
506 4133 554 4188 21.
576 4128 748 4186 dilacionern
769 4131 828 4187 PS.
971 4135 1018 4187 22.
1040 4128 1164 4186 Boream
1184 4127 1244 4185 ΡΒ.

130 4209 177 4264 23.
199 4209 331 4282 cynicum
350 4228 380 4284 ρ.
