3025 4859
262 369 340 447 378
645 380 809 436 sononia
826 378 987 435 vomax.

346 556 376 621 6.
407 574 513 631 nuova
536 574 641 619 varva
664 548 702 618 Τ.
724 572 753 616 a.
792 546 920 617 Thebas
942 546 1056 617 dicitur
1076 552 1164 614 trans
1184 544 1371 640 Aegyptum

261 663 357 733 Liber
379 663 567 731 condidisse.

349 776 397 843 13.
421 798 575 843 carumve
597 796 748 843 nvuxms.
770 793 874 863 usque
895 770 977 838 adeo
998 770 1040 839 de
1061 770 1229 863 Aegyptiis
1250 790 1371 836 uanum

262 897 317 955 aut
337 884 520 953 incredibile
542 894 604 967 est,
635 886 782 978 quamuis
803 882 890 951 Ulixi
912 881 1026 949 similia
1053 880 1093 949 dc
1116 878 1371 973 Lestrygonibuo

235 998 410 1074 ⁵relerenti
433 996 588 1063 creditum
609 998 669 1063 fuit
690 998 722 1064 in
749 1016 860 1063 mensa
881 992 1015 1061 Alcinoi.
1049 992 1130 1060 baec
1159 1014 1235 1059 cum
1262 988 1372 1059 excla-

260 1109 400 1177 matione
421 1106 558 1199 legenda
580 1115 662 1175 sunt.

348 1220 396 1285 15.
419 1240 578 1287 ronnasse
602 1239 795 1295 ovrovsnarr.
817 1215 912 1283 simul
934 1212 1216 1284 discumbentibus.

346 1332 396 1397 16.
419 1351 573 1397 novenas
596 1354 628 1395 v.
651 1352 684 1396 u.
708 1352 739 1395 o.
767 1324 920 1419 Virgilius
943 1326 1036 1415 [Aen.
1056 1322 1092 1406 ll,
1116 1325 1205 1413 1251:
1230 1317 1371 1393 ‘artificis

260 1437 384 1513 scelus?

221 1584 249 1626 m
349 1556 397 1622 17.
420 1575 570 1629 vannovn
593 1551 748 1621 Oanxem.
774 1548 922 1617 dicebant
942 1547 1073 1617 Feaces.

347 1666 395 1733 18.
425 1661 669 1732 ansrnruouns
692 1686 721 1731 x.
746 1660 784 1729 O.
808 1684 837 1729 c.
859 1682 889 1727 r.
920 1680 1002 1752 quos
1023 1657 1169 1751 perhibet
1189 1656 1371 1727 hominibus

257 1786 367 1873 pastos
389 1775 545 1843 extinctis.

344 1889 393 1954 19.
418 1907 668 1955 ooucvanenrra
690 1906 782 1952 saxa.
811 1880 1054 1975 Symplegadas,
1075 1880 1157 1949 inter
1179 1902 1259 1974 quas
1280 1883 1370 1975 Argo

259 1998 375 2077 euasit,
404 2019 486 2088 quae
509 1998 541 2064 in
562 1995 666 2064 Ponto
690 1995 890 2063 concurrisse
914 1991 1068 2061 dicuntur.
1100 1991 1254 2084 numquid
1276 1992 1371 2060 etad

220 2140 248 2182 aa
260 2110 341 2178 haec
361 2105 473 2176 Ulixes
494 2104 651 2175 accessit?

342 2218 394 2285 22.
418 2242 461 2287 nr
484 2240 551 2285 cvn
574 2240 755 2286 nnurorevs.
776 2216 909 2286 Pmoax.
929 2238 1013 2285 unus
1035 2216 1076 2285 de
1094 2215 1190 2285 sociis
1204 2212 1317 2286 Ulixis.

258 2352 421 2401 retrorsa
444 2328 539 2397 Circe
561 2330 662 2396 lactis.

342 2441 394 2508 23.
419 2463 486 2509 rau
506 2462 607 2507 vxcvr
630 2462 765 2509 camnis.
788 2443 872 2509 inani
895 2441 1014 2533 capitis.
1036 2433 1275 2531 κενενκρᾶνιος.

341 2552 393 2619 25.
416 2574 459 2619 oa
483 2549 661 2618 Coronam
684 2576 760 2621 suu.
783 2555 894 2622 uinum
916 2553 957 2621 dc
978 2550 1082 2619 insula
1102 2551 1273 2619 Faeacum.

219 2701 248 2743 20
343 2664 395 2730 26.
427 2686 524 2731 soavs
547 2686 625 2730 nuru
649 2664 720 2753 [svn
743 2667 872 2755 rasae}
906 2665 960 2754 qui
983 2686 1057 2731 eum
1078 2663 1287 2755 redargueret
1309 2662 1368 2752 [in]

256 2778 434 2848 mendacio.
458 2775 571 2842 merito
595 2797 672 2866 crgo
695 2796 760 2845 non
782 2774 954 2845 credebant
975 2772 1036 2856 illi,
1058 2774 1113 2866 qui
1136 2794 1175 2840 ea
1196 2774 1264 2842 sine
1287 2782 1369 2842 teste

256 2887 414 2957 narrabat.

340 2999 393 3065 27.
416 3019 474 3065 uos
497 3020 648 3067 uranum.
672 2999 713 3066 de
735 3022 770 3067 se
793 3000 868 3068 dicit
888 2995 1056 3079 quenalis,
1077 2998 1152 3090 quia
1171 2997 1204 3065 in
1218 2995 1369 3089 Aegypto

257 3108 389 3177 militem
404 3109 514 3190 tenuit,
538 3117 570 3175 ct
586 3132 623 3176 ea
637 3111 792 3200 promittit
807 3134 843 3179 se
858 3109 1041 3191 relaturum,
1063 3132 1147 3200 quae
1160 3109 1231 3202 ipse
1246 3107 1332 3175 uidit

218 3246 246 3289 os
343 3220 395 3287 29.
433 3241 491 3287 nos
514 3241 619 3286 votor.
656 3220 837 3303 referimus,
870 3244 935 3291 non
957 3221 1097 3313 ciclopis.
1205 3242 1368 3289 oaxvrona

259 3354 430 3401 coavnurs.
452 3330 485 3398 id
508 3337 565 3411 est,
588 3332 771 3423 tragoediae
793 3332 1033 3402 narrationibus.

341 3444 393 3510 30.
425 3464 491 3512 unu
513 3464 631 3510 sonnvs
652 3467 672 3511 a
695 3442 732 3511 Ρ.
760 3443 947 3534 {susurra}
981 3442 1151 3537 tragydias.
1173 3450 1282 3511 uestes
1303 3450 1369 3513 tra·

255 3577 354 3650 groas.

256 3714 284 3771 4.
306 3710 369 3788 ghis
390 3708 485 3769 Ulixis
505 3714 564 3770 ΡΒ.
594 3712 624 3769 1ιί
644 3710 723 3770 Ulixi
743 3732 772 3789 p.
804 3724 834 3770 ut
853 3712 933 3773 Ulixi
953 3716 1090 3772 Ermuitu.
1112 3712 1137 3770 si
1156 3711 1236 3772 Ulixi
1257 3732 1281 3774 o.

254 3789 284 3848 b.
306 3787 432 3845 crediarn
452 3790 511 3847 ΡΒ.
533 3808 607 3848 oorr.
626 3792 765 3850 Eremito.
791 3790 930 3849 creditum
952 3810 1010 3848 non
1031 3809 1056 3851 o.
1134 3795 1182 3850 12.
1201 3792 1293 3869 pastis
1314 3810 1367 3851 ex·

256 3868 359 3925 tinctos
380 3867 438 3923 ΡΒ.
450 3885 524 3924 corr.
548 3868 575 3927 c.
594 3866 696 3925 Bortb.
762 3870 810 3926 14.
832 3870 991 3927 cucurrisse
1011 3871 1069 3928 ΡΒ.
1086 3886 1161 3927 corr.
1177 3868 1366 3929 Sobrerroliua.

256 3945 303 4004 15.
323 3942 418 4003 Ulixis
438 3946 612 4021 PS.oorr.p.
674 3948 720 4003 18.
742 3948 837 4023 capite
858 3946 1018 4004 Mamilius
1037 3945 1077 4003 ad
1096 3950 1167 4004 Hor.
1188 3964 1212 4003 s.
1234 3948 1302 4017 I‚4‚
1317 3952 1365 4006 88.

255 4026 303 4082 20.
325 4021 500 4097 redarguent
520 4023 577 4079 ΡΒ.
595 4040 665 4079 corr.
680 4040 709 4097 p.
797 4024 824 4079 in
845 4022 911 4081 add.
932 4020 1168 4095 Sobortzllcieob.
1251 4026 1299 4082 24.
1321 4028 1366 4083 ui-

255 4109 313 4157 tem
333 4117 362 4175 p.
387 4098 504 4157 limitem
525 4102 649 4157 duratus.
673 4104 822 4157 Burruaan
841 4101 881 4159 cd
901 4100 1015 4159 autbol.
1037 4105 1109 4159 aar.
1129 4105 1156 4159 1.
1175 4103 1284 4178 p-2l2.

255 4179 302 4235 25.
323 4194 380 4232 non
402 4176 521 4253 ciclopis
535 4184 603 4253 post
621 4178 746 4235 coturnis
762 4186 872 4254 ponuat
886 4180 944 4237 ΡΒ.
959 4182 1145 4257 transposuit
1157 4197 1181 4237 o.
1245 4183 1293 4241 26.
1314 4179 1367 4240 scd

255 4253 313 4311 ΡΒ.
325 4269 436 4312 eorm.
457 4272 507 4312 seu
527 4272 557 4330 ρ.
621 4256 793 4313 narrationis
813 4258 870 4315 ΡΒ.
885 4274 959 4315 corr.
973 4255 1001 4315 b.
