3025 4859
298 326 376 401 266
683 342 1025 399 scuonnvnenan.

297 510 364 578 lare
386 509 499 577 uolens
521 508 643 579 scilicet
663 513 793 579 lactum.
816 508 903 601 quod
922 507 1000 579 luno
1024 510 1127 579 sciens
1151 510 1235 578 dono
1258 532 1326 579 eam
1344 508 1393 579 sili

298 623 378 715 petit
405 629 438 687 et
465 622 597 713 accepit
630 644 727 713 qnam
761 630 927 713 acceptam
958 623 1047 712 Argo
1076 619 1314 689 custodiendam
1340 629 1394 687 tra·

298 734 384 802 didit
405 732 432 798 is
453 731 560 821 Argus
582 740 712 799 eentum
734 732 846 799 oculos
875 731 987 799 dieitur
1014 728 1176 811 habuisse,
1205 752 1301 821 quem
1321 731 1392 801 ller-

297 846 404 911 eurius
425 844 531 910 iussus
552 841 592 909 ab
613 839 690 909 leue
712 843 838 910 oceidit.
861 841 943 910 hanc
966 842 1061 933 igitur
1081 838 1116 909 lo
1136 838 1169 907 in
1191 847 1313 909 tantum
1331 864 1393 932 per-

271 961 409 1024 sseeuta
430 949 579 1033 estlnno,
601 961 638 1019 ut
658 975 868 1044 peromnem
889 953 1045 1020 mundum
1067 974 1139 1019 eam
1160 951 1302 1018 minaret.
1323 974 1394 1043 qnae

298 1089 372 1133 eum
394 1064 535 1131 uenisset
557 1085 665 1130 errans
686 1064 719 1130 in
746 1061 887 1153 partibus
909 1063 1050 1155 Aegypti
1074 1063 1107 1132 in
1128 1058 1240 1129 Niltun
1264 1062 1392 1142 fluuium,

296 1176 413 1242 lassata
436 1175 542 1263 eoepit
563 1195 664 1253 omre,
686 1182 782 1265 prout
803 1176 914 1263 potuit,
937 1174 1081 1265 requiem
1102 1170 1269 1239 malorum.
1303 1170 1394 1264 luppi-

297 1296 346 1354 tet
379 1281 533 1353 lunonem
559 1283 663 1364 llexit,
698 1287 795 1375 petit,
827 1283 955 1351 indulsit
995 1284 1104 1375 peimi,
1144 1290 1176 1349 et
1214 1281 1389 1349 reuersaiu

296 1420 387 1465 suam
409 1395 543 1487 liguram
570 1404 700 1485 recepta
725 1395 808 1459 inter
835 1394 911 1460 deas
931 1391 965 1460 lo
994 1402 1051 1461 est.
1084 1396 1154 1485 ipsa
1182 1402 1231 1460 est
1256 1393 1317 1461 dea
1335 1390 1391 1461 lsis.

257 1509 371 1575 winde
392 1508 490 1575 etiem
510 1528 600 1571 seem
623 1506 663 1572 de
685 1505 845 1595 Aegypto.

377 1617 450 1685 527.
472 1614 540 1683 lem
562 1609 884 1683 nnAeeueT1.‘ibit’
909 1612 1006 1681 futuri
1028 1616 1190 1706 temporis.
1212 1613 1246 1684 id
1268 1622 1325 1695 ost,
1344 1636 1391 1681 ue·

294 1730 356 1810 det,
379 1728 407 1794 si
426 1728 547 1793 iussum
569 1728 597 1791 ei
620 1728 723 1796 luerit.

376 1838 451 1905 528.
473 1860 493 1903 a
514 1834 644 1902 lllenoa.
666 1838 779 1903 ciuitas
800 1838 949 1929 Aegypti.
1037 1856 1192 1905 sennenn.
1213 1845 1250 1906 ut
1270 1836 1303 1905 in
1323 1845 1392 1903 tem·

295 1946 349 2039 plo
369 1943 459 2013 Isidis
479 1955 618 2038 spargat.

256 2069 284 2113 1⁵
384 2056 458 2123 529.
490 2054 583 2123 lsmss
606 2078 657 2125 an.
688 2057 722 2123 in
743 2055 858 2124 lllartio
885 2078 999 2147 eampo
1027 2056 1182 2148 templuni
1203 2054 1294 2127 lsidis
1315 2066 1394 2126 uetu-

295 2176 389 2235 stum.
504 2189 598 2233 ovim.
628 2168 702 2259 qnia
726 2167 770 2234 ibi
791 2165 950 2233 Romulus
973 2176 1003 2233 et
1026 2176 1171 2258 pastores
1194 2168 1394 2238 adsueuerant

293 2301 413 2372 peoora
433 2300 574 2369 pascere.
602 2285 657 2344 aut
678 2278 799 2369 regiam
823 2277 897 2345 dicit
918 2274 1057 2359 Romuli,
1079 2278 1131 2345 uel
1153 2276 1321 2347 Palatium.

376 2388 452 2457 530.
483 2411 753 2457 coemento.
777 2412 802 2453 s.
825 2409 856 2453 v.
879 2410 913 2455 n.
946 2408 1050 2478 usque
1077 2389 1157 2457 adeo
1189 2389 1395 2480 superstitiosa
1465 2366 1466 2374 ¹

295 2508 344 2566 est
364 2509 526 2579 matrona,
539 2506 576 2567 ut
598 2506 688 2590 putet
710 2500 813 2589 ipsam
835 2496 929 2567 deam
948 2518 1007 2590 per
1030 2498 1158 2567 Gallum
1179 2498 1278 2589 loqui.

255 2623 285 2669 ²⁰
379 2610 453 2677 532.
490 2632 576 2678 sano
598 2633 653 2676 nic
675 2634 704 2675 n.
727 2633 756 2675 e.
778 2633 802 2675 s.
825 2632 852 2683 o.
876 2630 908 2673 n.
933 2632 964 2675 n.
1008 2631 1084 2700 ergo
1106 2608 1157 2675 hio
1180 2607 1292 2677 Gallus
1314 2629 1393 2700 mag·

292 2742 369 2789 nam
390 2720 573 2789 mercedem
593 2728 741 2801 meretur,
764 2720 817 2810 qui
839 2718 913 2785 talia
935 2720 1080 2810 inpetrat.

377 2830 452 2897 533.
475 2854 529 2907 ovi
545 2855 650 2899 ennon
673 2852 702 2897 n.
727 2854 755 2896 c.
780 2854 809 2895 a.
834 2852 863 2897 c.
887 2828 933 2896 sie
948 2831 1032 2897 enim
1047 2838 1252 2921 symmystae,
1275 2827 1393 2923 quando

293 2940 422 3031 Osyrim
444 2950 608 3034 quaenunt.

375 3050 450 3118 534.
482 3072 682 3119 euanesnms
704 3073 733 3119 e.
759 3075 789 3123 c.
807 3074 840 3117 o.
862 3074 892 3119 a.
925 3058 1032 3119 utrum
1055 3052 1140 3144 quod
1161 3054 1230 3145 ipse
1251 3052 1394 3131 derideat,

291 3411 320 3465 3.
340 3406 385 3463 his
405 3408 464 3464 ΡΞ.
484 3404 533 3463 nic
551 3426 582 3482 p.
660 3405 689 3464 4.
709 3408 762 3463 soh
783 3404 851 3462 lone
872 3408 930 3465 ΡΒ.
942 3423 1017 3467 corr.
1027 3425 1058 3483 p.
1135 3410 1164 3468 5.
1185 3410 1310 3469 mitteret
1328 3412 1395 3467 Hm·

289 3486 399 3543 ninius.
420 3482 458 3555 ef.
479 3487 605 3558 Rntpera
626 3500 708 3541 uem.
729 3482 802 3541 lectt.
823 3488 849 3553 1,
872 3488 918 3542 13.
1023 3488 1053 3543 7.
1072 3503 1098 3544 a.
1118 3488 1249 3564 luppiter
1267 3487 1394 3544 lunonem

292 3560 392 3618 dilexit
420 3563 493 3636 petit
518 3560 636 3617 indulsit
655 3563 714 3617 ΡΒ.
750 3560 881 3637 luppiter
906 3560 936 3618 lo
963 3560 1063 3621 dilexit
1091 3566 1259 3640 petitionem
1285 3562 1395 3621 indulsit

291 3639 429 3695 Eronitn.
464 3638 595 3713 luppiter
619 3638 758 3695 lunonem
791 3636 956 3713 complexus
983 3640 1056 3716 petit
1081 3640 1233 3699 indulserit
1261 3640 1394 3699 Sollerte-

290 3709 398 3786 yleisolt.
418 3714 549 3790 luppiter
569 3715 707 3771 letnonem
727 3714 903 3791 complectit,
923 3717 1005 3793 petit,
1026 3716 1146 3774 indulsit
1166 3737 1190 3776 e.
1210 3716 1340 3795 luppiter
1351 3717 1393 3773 lu·

289 3808 394 3847 nonem
420 3790 586 3867 complexos
613 3793 696 3869 petiit
721 3790 928 3865 indulgentiam
954 3812 980 3850 a.
1020 3792 1150 3871 luppiter
1175 3795 1312 3852 lunonem
1338 3811 1392 3851 am·

287 3868 396 3999 plexat,
416 3869 489 3945 petit
509 3868 659 3925 indulserit
677 3866 854 3926 Hildabmnd
873 3868 910 3925 nd
930 3867 1017 3945 Apul.
1028 3875 1054 3928 Ι.
1065 3875 1169 3946 p.903.
1189 3870 1268 3928 flexit
1288 3875 1392 3945 Haupt.

302 3963 319 3999 o
340 3964 458 4003 reuersa
477 3942 709 4017 suessanensis.
730 3954 760 4003 et
780 3946 810 4002 lo
830 3962 949 4004 reuersa
968 3966 993 4005 s.
1050 3953 1078 4006 o.
1100 3958 1218 4028 ieeepta
1238 3948 1394 4007 intendens
1463 3960 1464 4019 t

288 4020 384 4079 idest
404 4023 469 4098 ipsa
487 4025 546 4081 ΡΒ.
567 4033 685 4100 recepta
705 4031 750 4081 est
770 4024 844 4080 inter
864 4022 933 4081 dees
955 4034 983 4081 et
1003 4025 1068 4102 ipsa
1086 4043 1114 4101 p.
1227 4030 1272 4083 15.
1294 4022 1394 4103 templo
1463 4036 1464 4049 ¹

288 4101 467 4175 PS.eorr.p.
546 4102 594 4159 17.
615 4099 675 4172 uel]
698 4102 798 4158 utPs.
875 4106 923 4159 22.
945 4101 1041 4159 amicti
1061 4111 1128 4161 sunt
1146 4112 1256 4177 mystae
1275 4121 1301 4160 s.
