3025 4859
256 376 333 452 180
644 386 803 443 sodomi
823 388 983 445 rurum.

340 559 392 627 93.
414 580 563 627 rannerus
587 582 629 626 rr
653 580 826 627 horreum.
849 560 1004 655 trementi,
1028 557 1124 627 nudo.

341 672 392 738 95.
417 693 486 749 ovis
501 692 646 739 rancum
663 692 799 739 sarran.
824 670 1006 760 [Sacrario]
1028 669 1136 736 nonin
1150 667 1278 761 publico
1294 691 1373 739 eon·

257 782 354 864 uiuio,
378 782 434 849 sed
456 782 591 872 priuato.
677 784 708 849 in
731 784 900 875 praeterito
925 781 1063 849 ostendit
1084 779 1165 847 hanc
1187 782 1285 847 uitam
1306 803 1373 851 nou

258 896 365 974 luisse,
387 892 459 960 ideo
481 892 558 959 dieit
579 915 670 960 nvvs.
757 916 903 962 secuero
927 916 1067 961 ceuavrr
1089 916 1181 959 rvvs.
1205 892 1276 983 quis
1299 901 1371 959 tuo-

235 1028 332 1071 srum
358 1024 491 1071 auorum
519 1010 574 1070 aut
603 1011 668 1069 tam
690 1001 835 1097 locuples
863 1014 919 1074 aut
940 1015 1006 1071 tam
1028 1004 1212 1072 luxuriosus
1239 1003 1306 1084 luit,
1335 1011 1372 1070 ut

260 1125 295 1183 tu
324 1111 382 1183 es?
417 1113 516 1180 rnoris
545 1120 651 1180 autem
679 1124 746 1182 erat
774 1116 860 1207 apud
887 1108 1044 1209 antiquos,
1071 1136 1113 1182 ne
1140 1114 1212 1205 quis
1239 1114 1373 1182 adderet

259 1222 514 1321 possessionibus
537 1224 602 1289 suis
625 1234 680 1291 aut
702 1224 827 1294 exiliis
849 1228 1015 1295 minueret.

343 1339 395 1403 96.
428 1332 547 1401 Luuno
569 1356 684 1403 ranan.
719 1335 789 1403 uult
821 1336 967 1431 intelligi,
1003 1337 1089 1431 quod
1122 1337 1207 1428 apud
1235 1342 1371 1419 ueteres,

260 1448 405 1543 quamuis
417 1468 574 1539 pauperes
589 1455 705 1529 essent,
728 1455 835 1515 tamen
851 1451 1004 1517 maiorem
1019 1448 1248 1517 humanitatem
1260 1448 1371 1530 luisse3

222 1583 345 1633 ionunc
368 1566 475 1625 autem
498 1578 569 1623 eam
592 1554 692 1623 solam
716 1558 818 1625 uideri
839 1558 1077 1641 humanitatem,
1105 1560 1131 1625 si
1159 1559 1251 1627 detur
1279 1580 1371 1650 spor-

261 1669 335 1753 tula,
359 1676 390 1736 et
413 1667 481 1760 ipsa
503 1667 695 1733 tenuissima.
719 1670 887 1737 tamenab
910 1670 1073 1739 honoratis
1094 1692 1158 1738 non
1182 1666 1371 1751 excludaris,

260 1784 314 1876 qui
336 1780 375 1847 ad
398 1802 469 1845 eam
492 1778 559 1844 sine
580 1775 701 1868 pudore
724 1781 925 1847 conueniunt

343 1892 395 1957 99.
418 1890 564 1956 Aourrvs
587 1910 743 1955 nccrrras.
768 1890 813 1976 (id
835 1900 892 1973 est,
914 1894 968 1984 qui
990 1915 1055 1960 non
1069 1893 1165 1985 agniti
1180 1892 1371 1959 luerintnon

261 2002 429 2093 accipiunt,
451 1998 567 2065 nedum
590 1996 725 2065 humiles
747 2010 882 2091 possunt
904 2003 1071 2095 accipere.)
1094 2025 1152 2095 pro
1175 2000 1370 2095 exploratus.

223 2140 249 2180 rs
347 2112 418 2178 100.
440 2130 535 2177 moos.
566 2107 698 2175 nobiles.
804 2105 1022 2182 Tnorvoruas.
1055 2113 1214 2204 patricios,
1235 2113 1290 2204 qui
1311 2114 1373 2181 nisi

260 2222 357 2317 agniti
384 2222 500 2288 fuerint
525 2241 591 2287 non
617 2220 786 2312 accipiunt,
815 2222 936 2289 nodum
967 2220 1104 2291 humiles
1131 2232 1265 2317 possunt
1285 2226 1372 2293 acci·

259 2360 346 2430 pere.

345 2446 416 2514 101.
440 2443 635 2533 [nosrscvuJ.
658 2442 690 2510 id
712 2450 770 2523 est,
793 2464 868 2511 cum
888 2441 1090 2535 pauperibus.

344 2557 416 2625 102.
440 2578 500 2624 ssu
521 2576 723 2622 nissamrrvs.
746 2554 852 2646 arguit
872 2552 1016 2621 homines
1039 2558 1093 2648 qui
1114 2567 1246 2651 propter
1265 2558 1368 2629 libidi-

219 2692 333 2743 sonem
353 2666 532 2735 libertatem
554 2672 748 2733 meruerunt
782 2662 836 2754 qui
857 2664 889 2730 in
910 2662 1128 2735 libertinorum
1150 2667 1290 2762 (eorpus)
1314 2673 1371 2739 tri·

256 2782 317 2850 hus
339 2777 430 2847 relati
452 2784 533 2845 sunt
557 2777 707 2867 quicum
729 2771 939 2842 hereditatem
960 2778 1142 2860 meruerint,
1163 2782 1370 2871 pertusisau·

258 2891 345 2959 ribus
368 2888 457 2979 signa
478 2886 698 2953 libertinorum
720 2883 824 2951 celare
844 2905 909 2951 non
929 2896 1073 2977 possunt

345 2997 416 3063 104.
438 2994 562 3064 Narvs.
588 2994 844 3087 lllesopotameni
869 2992 1014 3065 homiues
1041 3000 1211 3071 effrenatae
1231 3001 1369 3075 libidinis

259 3109 386 3178 suntin
409 3114 544 3199 utroque
567 3128 657 3173 sexu.
679 3104 837 3175 Salustius
859 3109 1009 3176 meminit

220 3250 246 3293 2⁵
346 3220 416 3285 106.
440 3216 708 3304 erparnooura.
732 3218 787 3309 qui
808 3227 877 3285 erat
898 3242 1013 3287 census
1035 3230 1128 3291 antea
1143 3226 1285 3316 equitum
1299 3225 1369 3297 Ro·

258 3351 434 3399 manorum.
534 3348 611 3405 ovio
634 3349 779 3396 courum
800 3352 961 3399 svarvar.
983 3328 1150 3401 Lucillius:
1168 3332 1296 3406 ‘aurum
1318 3349 1367 3407 at.

255 3465 318 3533 que
340 3440 468 3509 ambitio
490 3439 653 3531 specimen
674 3434 820 3508 uirtutis?
978 3465 1138 3513 avarum.
1159 3444 1364 3520 laticlauium.

256 3632 284 3691 4.
307 3632 375 3689 dicit
389 3631 468 3691 abuit
488 3632 545 3688 Ps.
567 3648 641 3689 oom-
658 3633 707 3688 Vo.
730 3631 800 3689 dicit
813 3634 927 3691 cenauit
946 3652 971 3693 o.
1049 3640 1077 3696 5.
1099 3643 1364 3704 satraparum.

255 3712 283 3765 0.
305 3728 341 3767 ne
354 3708 422 3784 quid
435 3706 784 3766 adderent-minuerent
796 3708 908 3768 Tollius
917 3711 956 3768 od
967 3714 1078 3773 Aaron.
1089 3734 1118 3791 p.
1129 3720 1196 3777 797.
1240 3722 1268 3778 8.
1287 3712 1365 3780 ‘aruit

253 3784 379 3859 tatetttpt
398 3782 476 3859 opud
496 3790 605 3841 ueteres
624 3787 760 3843 maiorem
779 3786 986 3846 hunronitatont
1004 3789 1105 3862 sumar,
1130 3800 1263 3870 qrrumuie
1284 3816 1364 3875 pou·

251 3864 381 3939 periores
400 3868 506 3931 essent;
527 3879 601 3918 arrae
621 3868 716 3918 arrtnn
735 3882 798 3921 eom
816 3865 1264 3943 solumoluementiumoahiheri‚
1287 3874 1364 3952 quod

252 3938 416 4015 sportulam
435 3945 463 3995 et
482 3938 577 4012 nisam
598 3938 709 4013 quidem
728 3947 839 3998 tenuem
858 3941 1024 4017 proferant:
1048 3950 1107 4004 nisi
1131 3956 1226 4007 tanton
1251 3950 1287 4009 uh
1306 3953 1362 4011 ho-

251 4018 367 4073 noratis
381 4012 554 4081 euolrrdaris,
566 4018 612 4090 qrri
627 4015 664 4072 od
678 4034 739 4073 eom
750 4021 813 4076 siae
822 4018 927 4094 pudore
936 4017 1125 4081 corruentium?
1149 4029 1183 4083 V.
1265 4030 1359 4105 quod]

251 4092 290 4165 of.
303 4090 471 4150 Lmhnuan
485 4090 524 4147 od
540 4094 606 4149 Gai.
618 4095 701 4151 inatt.
712 4097 773 4167 m,
785 4100 851 4153 160.
950 4104 996 4156 10.
1017 4119 1072 4158 nee
1093 4112 1142 4160 aut
1160 4106 1218 4162 ΡΒ.
1239 4124 1314 4165 corr.
1334 4126 1360 4167 s.

250 4170 298 4228 14.
318 4169 461 4249 explorati
480 4170 537 4225 PS.
559 4187 632 4227 oorr.
651 4188 677 4227 a.
785 4176 833 4231 22.
854 4174 936 4251 signa
956 4178 1102 4236 seruitutis
1121 4196 1146 4239 o.
1252 4188 1300 4244 26.
1322 4182 1361 4259 ss.

248 4244 335 4307 rahel.
346 4250 406 4317 111,
416 4246 482 4305 143.
560 4249 608 4305 27.
629 4248 809 4307 ambitiosum
829 4253 888 4310 ΡΒ.
