3025 4859
563 352 709 405 SATVRA
728 350 788 403 1111.

123 544 202 589 anne
225 518 312 588 atiud
336 527 411 589 tunc
432 515 607 612 praetecti?
638 542 774 612 quorum
797 518 937 609 optimus
959 514 1063 608 adque

122 633 276 723 interpres
297 628 407 724 legum
428 630 644 699 sanctissimus
667 630 773 697 omnia
794 648 988 721 quamquam

123 740 319 835 temporibus
342 743 416 810 diris
439 741 600 810 tractanda
623 740 755 832 putabat
776 740 888 809 inermi

123 852 246 919 iustitia.
280 854 369 920 uenit
390 862 423 920 et
445 851 550 944 Crispi
572 852 710 921 iucunda
732 858 895 931 senectus,

123 964 209 1032 euius
233 972 324 1030 erant
346 987 451 1032 mores
473 960 576 1057 qualis
598 962 758 1043 facundia,
781 963 858 1029 mite

123 1075 292 1166 ingenium.
326 1076 425 1141 maria
447 1096 486 1141 ac
508 1082 607 1143 terras
629 1072 829 1165 populosque
850 1072 973 1164 regenti

124 1186 191 1278 quis
214 1207 326 1253 eomes
346 1184 468 1266 utilior,
491 1186 517 1251 si
539 1184 630 1253 clade
652 1192 685 1251 et
706 1190 797 1275 peste
820 1181 878 1249 sub
899 1179 954 1248 illa

124 1298 287 1364 saeuitiam
309 1294 459 1363 damnare
482 1301 515 1362 et
535 1293 705 1363 honestum
727 1293 852 1361 adferre
874 1291 985 1360 liceret

124 1403 313 1475 eonsilium?
344 1405 401 1473 sed
423 1406 498 1498 quid
520 1405 689 1474 uiolentius
711 1426 789 1471 aure
811 1403 949 1493 tyranni,

124 1540 196 1587 eum
219 1540 285 1611 quo
308 1517 348 1585 dc
369 1514 485 1608 pluuiis
507 1525 563 1583 aut
584 1513 723 1583 aestibus
746 1522 801 1581 aut
821 1514 968 1581 nimboso

123 1652 198 1697 uere
219 1626 357 1698 locuturi
379 1626 478 1695 tatum
502 1625 663 1718 pendebat
683 1620 801 1691 amici?

123 1738 174 1806 ille
195 1740 292 1831 igitru
313 1759 488 1830 numquam
509 1737 624 1803 direxit
645 1732 793 1803 bracchia
814 1744 925 1803 contra

125 1856 312 1929 torrentem,
335 1870 396 1915 nec
418 1847 498 1915 ciuis
520 1854 597 1929 erat,
620 1846 674 1938 qui
695 1844 794 1912 libera
816 1855 927 1938 posset

125 1958 222 2027 uerba
244 1959 339 2026 animi
362 1960 505 2051 proferre
528 1966 560 2024 et
581 1958 679 2025 uitam
701 1957 874 2049 inpendere
895 1978 989 2025 uero:

126 2069 170 2138 sic
191 2067 308 2136 multas
329 2068 452 2137 hiemes
474 2069 579 2160 adque
602 2068 821 2160 octogensima
843 2068 923 2135 rudit

126 2178 273 2259 solstitia,
294 2178 343 2246 his
366 2180 461 2247 amris
483 2179 536 2247 illa
559 2202 687 2271 quoque
709 2186 796 2244 tutus
818 2180 850 2245 in
873 2175 954 2245 arria.

126 2290 290 2381 proximus
311 2290 454 2357 eiusdem
476 2288 668 2382 properabat
689 2286 809 2355 Acilius
831 2289 904 2356 aeui

126 2420 199 2467 cum
219 2400 336 2467 iuuene
358 2400 502 2492 indigns,
524 2422 621 2492 quem
643 2420 730 2466 mors
753 2406 818 2464 tam
840 2420 936 2467 saeua
957 2410 1101 2469 maneret
1188 2414 1229 2471 95

128 2518 159 2577 et
181 2510 299 2577 domini
322 2509 436 2604 gladiis
459 2518 524 2576 tarn
547 2511 699 2577 testinata.
730 2508 788 2575 sed
811 2506 887 2575 olim

128 2620 271 2713 prodigio
294 2643 352 2712 par
374 2628 423 2687 est
444 2642 519 2689 eum
541 2617 705 2687 nobilitate
729 2627 892 2701 senectae,

128 2731 210 2799 unde
233 2730 268 2797 fit
288 2739 324 2797 ut
346 2730 455 2799 malim
477 2729 665 2799 fraterculus
687 2752 759 2797 esse
781 2732 926 2823 gigantis.

131 2842 249 2933 profuit
271 2864 348 2935 ergo
371 2840 446 2910 nihil
467 2843 600 2922 misero,
622 2840 709 2933 quod
731 2841 910 2909 comminus
933 2864 1025 2912 ursos

127 2949 244 3044 figebat
263 2948 421 3021 Numidas
442 2948 566 3019 Albana
588 2950 692 3019 nudus
714 2950 834 3020 harena
1170 2970 1233 3026 100

126 3071 269 3131 uenator.
304 3063 376 3156 quis
397 3063 482 3131 enim
504 3063 567 3130 iarn
588 3082 652 3131 non
674 3060 841 3157 intellegat
861 3074 947 3133 artes

127 3168 296 3265 patricias?
324 3172 394 3265 quis
413 3172 553 3265 priscum
575 3170 652 3241 illud
673 3174 807 3241 miratur
827 3196 977 3261 acumen,

128 3420 175 3478 78.
194 3417 338 3498 praefecti
349 3416 396 3475 tric
409 3436 529 3495 quorurn
550 3416 600 3488 ἀς,
621 3417 763 3495 praefecti
776 3438 896 3495 quorum
908 3420 955 3477 hic
970 3420 1047 3495 aefg.
1094 3422 1236 3483 raefectii

130 3514 280 3574 procerum
292 3496 415 3574 optirnus
427 3494 932 3574 Hausendtsp.deluu.llll,770qq.
956 3501 1054 3557 Grues
1115 3502 1236 3576 preat.

131 3584 217 3649 atque
238 3572 285 3629 tric
305 3571 365 3631 cert.
382 3571 580 3630 Berottnsnsts
592 3578 640 3633 39.
724 3577 763 3633 78
778 3576 911 3651 spurium
922 3574 1191 3636 iudteutHsturiut.

130 3653 177 3710 79.
198 3667 372 3727 quamquam
393 3645 481 3725 purE:
502 3668 645 3726 quamque
665 3654 700 3708 P.
789 3654 837 3709 82.
858 3653 943 3710 mitae
964 3656 1022 3711 ΡΒ.
1109 3659 1156 3714 83.
1177 3666 1236 3715 ter·

132 3744 178 3784 ras
197 3746 257 3802 peu:
277 3736 353 3783 terra
366 3730 400 3783 P.
479 3728 590 3802 gerenti
603 3730 638 3785 P.
717 3731 765 3786 89.
786 3729 920 3785 bracchia
940 3732 997 3788 ΡΒ.
1075 3737 1123 3791 91.
1143 3734 1238 3791 animo

133 3806 263 3881 Ruperti.
343 3808 390 3863 92.
412 3805 599 3879 octoginsima
619 3808 654 3861 P.
732 3808 780 3863 93.
801 3804 845 3861 his
866 3808 948 3863 aunis
968 3812 1005 3867 11.
1019 3809 1165 3869 Vatesius.

133 3884 179 3973 90.
200 3891 258 3973 tarn
276 3881 412 3973 festinata
424 3883 463 3937 P:
481 3882 537 3938 iarn
555 3880 697 3940 destinata
719 3902 753 3950 ur,
774 3882 830 3938 iam
846 3882 996 3961 designata
1010 3890 1048 3945 R.
1061 3886 1239 3965 Stephanus,

134 3960 823 4114 unsrttunutttrtrnrtr‘
837 3964 1240 4112 sustentatu

134 4130 162 4187 p.
171 4115 237 4171 610.
335 4110 423 4169 nolim
443 4114 572 4189 Ruperti.
669 4114 794 4191 gigantis
814 4116 904 4173 Pseu:
928 4116 1074 4193 gigantum
1093 4115 1153 4184 ree.

137 4192 200 4247 101.
220 4189 355 4266 intelligit
374 4204 421 4255 υς.
498 4192 565 4249 102.
585 4191 703 4251 miretur
721 4206 748 4259 ς.
