3025 4859
514 455 517 463 .
580 409 726 465 srrvno
743 412 801 467 vu.
1158 392 1235 469 287

211 577 280 643 192
318 600 501 647 rorosrrrrr
523 601 651 647 nrorrre.
687 580 837 671 patricius
859 586 987 647 uenator
1009 586 1069 645 eet.
1105 577 1165 645 hec
1186 576 1235 644 lu·

123 684 198 755 nula
220 710 293 755 nam
315 688 427 757 adsuta
452 690 567 757 calceis
590 690 811 758 discernuntur
833 690 955 783 patricii
976 712 995 757 a
1016 690 1158 757 nouiciis.

212 800 281 866 194.
305 824 348 867 er
368 827 396 869 ει
417 826 602 869 rrnrurxrr.
624 802 812 894 intrigdatus
834 804 900 869 fuit

211 912 282 978 195.
314 936 429 981 eruerer
452 940 495 983 rc
517 938 593 982 exc.
633 914 787 1003 [orsrrr].
822 914 954 980 interest
976 914 1068 979 enim.
1179 914 1236 1003 [sr-

124 1022 235 1111 orurr}
263 1024 419 1107 fortunae,
441 1029 515 1117 quia
537 1048 602 1094 non
623 1034 721 1118 prout
742 1033 882 1093 moretur
905 1024 1037 1116 quisque
1060 1021 1099 1090 ab
1123 1022 1234 1091 eadem
1261 1040 1275 1083 ⁸

125 1134 291 1225 excipitur.

216 1247 285 1313 196.
308 1272 327 1315 ι
348 1271 461 1317 urano
481 1272 668 1316 avounreu.
690 1271 769 1315 mox
791 1255 827 1315 ut
848 1254 940 1313 natus
963 1244 1086 1311 fuerit,

215 1357 288 1424 197.
309 1382 351 1425 nr.
375 1383 528 1427 arraona
552 1382 686 1427 consor..
708 1358 748 1425 ad
771 1355 971 1425 consulatum
994 1354 1147 1447 perducit.

216 1468 284 1533 198.
307 1494 336 1537 sr
358 1495 465 1538 voror
488 1495 519 1538 ιι.
543 1496 572 1537 u.
595 1494 624 1536 r.
653 1471 693 1538 de
715 1468 883 1537 consulatu
906 1467 946 1533 ad
969 1475 1137 1534 oratorem.

214 1580 283 1645 199.
316 1578 508 1650 Vaurrorvs.
547 1581 714 1650 Ventidius
737 1604 779 1648 ex
800 1578 939 1645 muliono
962 1578 1109 1645 Caesaris
1137 1575 1237 1643 dicta·
1250 1596 1277 1643 ιι

127 1688 215 1767 toria,
237 1699 274 1756 ut
295 1688 418 1758 Tullius
439 1694 472 1760 in
495 1692 637 1785 epistolis
660 1691 814 1782 [adram.
836 1686 885 1770 X,
911 1689 964 1769 18,
986 1689 1027 1777 3]
1056 1688 1141 1755 etin
1164 1684 1238 1753 Phi·

125 1795 251 1890 lippicis
273 1800 425 1893 loquitur,
454 1804 629 1898 opitulante
650 1802 791 1871 Antonio
816 1800 886 1890 [et]
908 1802 1053 1892 Augusto
1077 1821 1177 1890 usque
1199 1819 1238 1865 eo

127 1919 302 1999 prouectus
325 1923 382 1996 est,
405 1924 443 1982 ut
464 1917 493 1983 ei
516 1916 701 1984 crederetur
722 1911 885 1980 Particum
906 1910 1035 1977 bellurn.
1086 1964 1091 1975 .
1163 1933 1238 1986 ovrn
1320 1954 1323 1959 -

128 2016 284 2089 Treuiro.
306 2025 334 2090 is
356 2026 502 2117 captiuus
522 2027 556 2093 in
576 2026 657 2093 urbe
677 2024 852 2118 perductus
873 2030 987 2115 postea
1008 2018 1222 2111 triumphauit.

212 2134 287 2202 200.
320 2159 420 2203 srovs.
447 2158 609 2203 eorunrrn
630 2160 715 2205 rari.
748 2135 782 2203 id
804 2143 869 2215 cst,
892 2134 1018 2201 fortuna
1039 2133 1175 2201 faciente
1197 2130 1238 2199 ad
1252 2158 1277 2203 ιι

128 2242 192 2313 hoc
213 2255 437 2336 peruenerunt.

213 2356 286 2423 201.
319 2355 448 2424 Sunvrs.
482 2379 565 2426 rara
588 2380 702 2425 rurvu.
739 2355 889 2424 Seruium
911 2350 1052 2423 Tullium
1075 2362 1107 2422 et
1127 2350 1240 2423 Venti·

128 2464 217 2533 dium
237 2467 401 2560 significat

214 2578 286 2643 202
309 2578 415 2646 Fuurx
435 2602 520 2649 runo.
544 2606 574 2653 ιι.
596 2607 627 2649 ιι.
654 2578 874 2666 Quintilianus.
984 2601 1090 2646 convo
1113 2602 1141 2656 o.
1165 2600 1238 2647 cum

127 2686 193 2756 hoc
214 2690 368 2781 contingit
386 2714 472 2775 rare,
494 2701 532 2760 ut
552 2715 670 2761 coruus
692 2689 784 2758 albus
805 2710 869 2757 non
891 2696 999 2781 potest
1018 2690 1160 2759 inueniri.
1252 2716 1280 2760 ro

140 2866 153 2891 Ι
213 2799 288 2868 203.
308 2824 473 2871 ronrrvrr.
495 2812 648 2872 oratores.

214 2909 287 2977 204.
310 2936 405 2980 ercvr
426 2938 458 2981 r.
482 2940 507 2982 o.
529 2938 560 2983 r.
586 2914 724 2984 rethoris
746 2913 832 3007 apud
855 2910 1008 2995 Athenas,
1030 2913 1085 3007 qui
1107 2934 1242 3005 suspen·

129 3017 183 3087 dio
205 3024 295 3111 perit.

213 3131 288 3197 205.
310 3158 497 3205 ennarrans
519 3160 550 3204 rr.
571 3158 604 3206 rr.
626 3161 646 3205 1.
668 3136 889 3209 SoeCarinas
907 3158 1030 3207 ueneno
1053 3136 1145 3229 perit,
1167 3158 1241 3206 cum

127 3238 256 3331 fugeret
275 3256 505 3338 paupertatem.
1252 3278 1279 3321 aa

112 3342 117 3349 ¹
215 3351 290 3421 206.
310 3378 364 3429 uu.
386 3382 416 3428 r.
439 3384 470 3428 τ.
493 3384 525 3428 o.
547 3359 734 3429 mortiferas.
756 3382 845 3428 mors
867 3358 951 3429 enim
973 3357 1085 3451 frigida
1107 3365 1165 3425 est.

129 3656 157 3710 1.
179 3672 216 3712 ac
234 3655 362 3716 lunulam
382 3679 448 3718 nam
467 3664 526 3727 ΡΒ.
623 3667 652 3722 2.
673 3662 797 3721 adsueta
816 3666 874 3723 PS.
893 3681 1010 3741 aornp.
1115 3661 1144 3720 5.
1165 3678 1241 3737 quae

127 3732 189 3788 ΡΒ.
204 3751 277 3792 corr.
292 3754 315 3793 o.
386 3739 537 3815 quisquam
558 3742 616 3798 ΡΒ.
699 3744 727 3799 7.
748 3740 839 3798 fueris
861 3762 883 3799 o.
963 3747 1010 3800 10.
1030 3760 1066 3799 ex
1085 3738 1242 3798 monitione

128 3808 318 3888 Ptoacorr.)
331 3815 362 3871 Β.
376 3834 450 3873 corr.
465 3834 496 3892 p.
517 3834 554 3874 ex
573 3818 722 3876 monitione
746 3818 888 3877 Dorkone
907 3818 946 3877 ad
963 3822 1053 3877 'I'oott
1073 3836 1102 3895 p.
1114 3818 1181 3875 647.
1206 3834 1243 3875 ex

128 3890 288 3974 ructatione
308 3894 348 3948 N.
361 3896 499 3950 Reuertar
519 3895 596 3969 opud
609 3901 770 3953 Bumoonn.
791 3896 828 3953 od
847 3896 928 3955 oratii.
948 3901 1016 3955 Lot.
1032 3902 1057 3956 1.
1078 3896 1183 3970 neor.

130 3960 256 4020 dictator
284 3968 339 4024 i'uit
370 3979 400 4025 ut
429 3974 487 4028 ΡΒ.
527 3973 675 4029 dictatoris
706 3973 761 4030 suit
792 3983 822 4029 ut
845 3994 873 4049 p.
918 3974 1042 4033 dictator
1072 3975 1095 4029 is
1127 3970 1182 4027 suit
1212 3977 1242 4026 ut

129 4039 171 4095 N.
183 4043 344 4103 uenatu:
367 4046 515 4105 dictatorio
535 4069 595 4107 coe.
615 4049 670 4107 soit
690 4061 720 4107 ut
742 4054 901 4111 Burraooa.
992 4056 1037 4111 12.
1059 4060 1088 4109 et
1108 4066 1162 4105 ona.
1182 4049 1241 4105 ΡΒ.

130 4114 198 4173 “dll-
220 4116 244 4189 f·
324 4125 370 4181 14.
391 4127 523 4203 captibus
543 4130 602 4185 ΡΒ.
681 4130 750 4186 orbe
771 4130 829 4186 ΡΒ.
852 4132 949 4187 orbern
969 4148 997 4206 p.
1076 4130 1124 4185 20.
1145 4126 1241 4189 curs,

129 4210 168 4249 eu
187 4198 223 4252 P.
246 4214 320 4256 oorr‘.
342 4220 364 4259 o.
441 4206 489 4261 22.
510 4203 699 4263 Athenienses
720 4224 745 4263 o.
824 4207 872 4264 24.
893 4208 1029 4265 Socrates
1049 4220 1163 4263 ueneno
1183 4202 1242 4261 ΡΒ.

128 4288 205 4334 corr.
230 4273 261 4331 0.
274 4276 375 4336 uano.
453 4284 501 4338 26.
521 4280 670 4340 mortifera
688 4284 747 4340 ΡΒ.
759 4300 831 4341 corr.
842 4304 871 4361 p.
891 4309 894 4316 ·
947 4282 1069 4361 frigifica
1091 4282 1122 4341 0.
1137 4278 1242 4339 Barth.
