3025 4859
254 351 305 425 64
630 367 773 421 nunu
791 367 985 423 rvvnnanrs

253 533 331 627 quid
352 533 463 618 Seres,
486 535 562 628 quid
584 534 728 603 Thraces
748 545 860 629 agant,
883 543 1008 602 secreta
1029 553 1189 602 nouercae

254 653 288 712 et
308 647 413 737 pueri,
436 647 507 738 quis
529 655 628 728 amet,
653 648 723 739 quis
745 648 908 739 diripiatur
930 644 1062 712 adulter.

254 757 339 823 dicet
361 759 430 849 quis
451 759 581 826 uiduam
603 767 811 850 praegnatem
833 759 944 826 lecerit
967 765 999 823 et
1021 775 1084 846 quo
1296 761 1358 822 400

253 889 379 949 mense,
402 867 517 960 quihus
537 870 644 936 uerbis
666 867 859 937 concumbat
880 889 1041 961 quaeque,
1064 865 1167 934 modis
1190 873 1276 956 quot

253 976 422 1044 instantem
443 979 512 1069 regi
534 979 684 1048 Armenio
707 978 890 1070 Parthoque
913 985 1061 1045 cometen

253 1087 355 1178 prima
377 1088 477 1169 uidet,
501 1090 618 1157 famam
640 1109 850 1178 rumoresque
869 1084 923 1152 illa
946 1087 1082 1154 recentis

253 1197 373 1287 excipit
394 1197 434 1264 ad
455 1207 579 1290 portas,
601 1201 758 1290 quosdam
780 1199 870 1278 tacit,
891 1197 954 1264 isse
976 1193 1149 1288 Niphatem

253 1306 285 1372 in
306 1306 443 1399 populos
464 1331 647 1402 magnoque
666 1309 730 1379 illic
752 1318 867 1378 cuncta
891 1329 967 1376 arua
989 1308 1090 1376 teneri
1295 1314 1359 1374 410

255 1413 390 1498 diluuio,
411 1426 523 1485 nutare
544 1420 656 1500 urbes,
678 1420 843 1488 subsidere
865 1427 965 1485 terras
971 1467 980 1500 ,

255 1550 458 1620 quocumque
480 1530 512 1596 in
534 1530 641 1612 triuio,
664 1533 854 1623 cuicumque
877 1537 927 1596 est
948 1527 1056 1607 obuia,
1078 1537 1192 1597 namet

340 1636 411 1705 Nec
434 1647 541 1707 tamen
562 1640 595 1707 id
618 1643 730 1709 uitium
751 1641 854 1734 magis
876 1635 1086 1720 intolerabile,
1108 1659 1204 1731 quam
1225 1661 1308 1733 quae

252 1749 376 1816 uicinos
397 1748 533 1817 humiles
555 1773 667 1842 rapere
689 1760 722 1818 et
743 1750 911 1819 concidere
933 1747 1009 1816 loris

254 1867 386 1927 exorata
408 1859 497 1927 solet.
532 1883 607 1928 nam
628 1864 654 1929 si
675 1860 839 1930 latratibus
862 1859 917 1926 alti
1295 1867 1357 1930 415

248 1978 444 2061 rumpuntur
465 1973 581 2054 somni,
600 1968 726 2040 “instes
748 1973 812 2040 huc
834 1965 954 2053 ocius'',
976 1970 1085 2064 inquit,

248 2073 426 2161 “adferte'’,
448 2081 553 2174 adque
574 2082 635 2150 illis
658 2085 822 2152 dominum
844 2081 933 2150 iubet
953 2089 1027 2149 onte
1049 2081 1148 2162 feriri,

255 2191 368 2257 deinde
390 2213 511 2259 canem.
540 2195 647 2284 grauis
669 2215 819 2276 occursu,
843 2193 1022 2260 taeterrima
1045 2189 1151 2272 uultu,

253 2301 367 2369 balnea
388 2309 484 2368 nocte
507 2302 605 2383 subit,
628 2303 767 2372 conchas
790 2313 822 2372 et
844 2312 946 2371 castra
969 2301 1092 2370 moueri

253 2419 349 2479 noete
370 2410 471 2492 iubet,
493 2437 610 2507 magno
632 2417 751 2507 gaudet
773 2415 887 2484 sudare
910 2412 1064 2494 tumultu,
1295 2424 1359 2486 420

255 2544 329 2590 cum
350 2520 467 2588 lassata
489 2526 580 2615 graui
601 2527 785 2594 ceciderunt
807 2525 934 2593 brachia
956 2544 1076 2604 massa,

255 2629 386 2697 callidus
409 2639 441 2698 et
463 2634 578 2701 cristae
601 2637 716 2729 digitos
737 2638 887 2730 inpressit
909 2634 1020 2725 aliptes

255 2763 293 2809 ac
315 2764 476 2810 summum
499 2745 645 2813 dominae
663 2748 771 2814 lemur
792 2745 973 2815 exclamare
995 2746 1108 2838 coegit.

255 2852 411 2920 conuiuae
433 2855 539 2921 miseri
559 2856 680 2923 interea
703 2879 880 2948 somnoque
903 2857 1051 2947 tarneque

254 2971 445 3054 urguentur;
468 2965 598 3032 tandem
618 2966 672 3034 illa
697 2969 784 3037 uenit
805 2963 1030 3047 rubicundula,
1053 2973 1156 3034 totum
1189 2961 1191 2964 ’
1296 2974 1358 3038 425

255 3071 476 3165 oenophorum
498 3076 620 3158 sitiens,
642 3076 737 3170 plena
760 3077 846 3169 quod
869 3077 1006 3145 tenditur
1029 3099 1107 3144 urna

255 3184 419 3253 admotum
441 3184 589 3277 pedibus,
613 3188 653 3254 de
675 3211 739 3280 quo
763 3188 920 3255 sextarius
942 3185 1022 3254 alter

255 3294 380 3362 ducitur
404 3306 477 3363 ante
499 3295 620 3378 cibum,
642 3297 786 3366 rabidam
807 3299 948 3367 facturus
971 3299 1108 3381 orexim,

255 3405 333 3506 dum
353 3407 435 3474 redit
456 3415 489 3474 et
510 3407 577 3476 loto
601 3418 719 3476 terram
742 3411 814 3477 ierit
834 3409 992 3478 intestino.

254 3582 321 3638 403.
343 3589 438 3637 traces
458 3578 507 3651 Pf.
644 3583 712 3644 404.
734 3583 886 3663 diripiatur
905 3587 987 3651 ese:
1017 3582 1181 3662 decipiatur
1199 3601 1235 3642 ω.

253 3659 321 3716 405.
342 3665 529 3736 praegnatem
549 3661 590 3716 P:
613 3673 820 3738 praegnantem
841 3681 875 3722 ω.
972 3661 1039 3719 407.
1059 3661 1206 3720 harmenio
1228 3665 1262 3720 P.

254 3737 322 3793 408.
343 3732 525 3806 recentisPt'·
603 3743 670 3797 409.
691 3737 839 3816 Niphaten
860 3757 894 3806 ω,
914 3737 1088 3816 nirnphatem
1100 3741 1133 3808 S,
1154 3737 1313 3816 nhphatern
1325 3742 1360 3798 P.

254 3813 322 3869 410.
343 3829 423 3868 arma
442 3815 477 3868 P.
566 3814 633 3871 413.
655 3814 847 3874 intollerabile
867 3819 902 3874 P.
992 3833 1066 3890 quae
1087 3819 1127 3872 P:
1148 3815 1225 3891 quod
1246 3833 1281 3884 ω,
1303 3836 1360 3892 quo

255 3887 409 3947 Schrader.
486 3887 552 3947 415.
573 3901 752 3948 exoratam:
774 3903 902 3950 exortata
915 3896 952 3964 P,
972 3893 1122 3950 exhortata
1142 3895 1361 3952 assuetissimus

255 3963 344 4024 codex
358 3965 476 4033 Vultoe,
496 3977 636 4024 exornata
655 3971 798 4027 Eremtto.
880 3974 947 4029 417.
969 3969 1072 4027 atlerte
1093 3968 1139 4041 Sf.
1222 3973 1289 4029 425.
1311 3989 1362 4026 ur-

254 4051 377 4118 guentur
395 4040 478 4117 Pofp.
594 4045 662 4103 426.
683 4065 783 4102 urnam
804 4049 839 4106 P.
955 4047 1023 4106 428.
1046 4047 1177 4124 rapidam
1198 4045 1282 4125 adhe.

256 4121 364 4176 orexim
384 4121 451 4176 Pto:
471 4119 570 4177 orexin
589 4119 690 4196 bedfpg
711 4122 889 4182 fflboonnde
899 4126 987 4184 notin
999 4131 1026 4180 et
1036 4130 1109 4182 extr.
1121 4127 1207 4195 x1,2
1221 4143 1249 4200 p.
1263 4127 1327 4183 127.

256 4195 323 4255 429.
344 4204 374 4254 ot
384 4195 444 4254 loto
461 4205 565 4255 terram
576 4201 635 4266 Ρςε
656 4208 686 4257 et
702 4199 763 4257 luto
780 4209 886 4260 terram
902 4217 934 4271 ς,
954 4210 983 4260 et
995 4210 1100 4260 terram
1115 4201 1176 4260 luto
1191 4200 1295 4277 oophar,
1316 4209 1361 4260 at-
