3025 4859
599 395 746 450 servm
764 397 799 449 x.
1101 436 1104 443 .
1176 379 1252 456 329

163 581 166 586 “
227 565 300 634 269.
324 567 484 633 llsssaaci
506 589 539 632 u.
563 589 588 632 s.
611 565 724 643 idest,
747 564 825 632 felix
847 566 942 631 etiam
966 561 1078 629 luisset
1097 562 1252 645 Priamus,

143 677 170 741 si
193 683 266 741 ante
282 675 462 742 incendium
477 675 594 742 Troiae
609 675 721 741 luisset
735 682 889 752 mortuus,
912 675 1003 742 euius
1025 676 1120 742 lunus
1142 697 1254 742 omnes

142 783 196 850 lilii
219 785 267 851 sui
291 783 503 852 deduxissent.

226 895 298 960 260.
320 916 490 962 esuriere
513 918 552 961 ac
576 917 606 962 a.
643 915 725 983 quae
749 892 853 960 solent
874 915 894 959 a
915 892 985 960 filiis
1007 894 1040 960 in
1064 893 1174 959 [unere
1196 913 1254 984 pa-

143 1011 227 1070 trum
249 1003 325 1072 fieri.
1278 1022 1293 1062 s

229 1114 302 1181 264.
326 1137 495 1183 coaeum
511 1138 587 1182 svn.
610 1106 878 1196 bene‘audaoes',
900 1116 974 1205 quie
989 1112 1156 1193 Helenam,
1179 1110 1256 1178 alie·

141 1245 217 1289 nam
240 1247 384 1304 uxorem,
408 1222 569 1291 allaturae
592 1233 689 1291 erant.

229 1335 301 1402 265.
336 1329 502 1402 Euersam
538 1333 662 1425 prolixa
684 1335 748 1404 uita
773 1357 851 1427 ergo
872 1333 936 1401 hoc
958 1334 1002 1400 illi
1024 1333 1190 1425 praestitit.
1219 1342 1256 1400 ut

144 1439 294 1534 Virgilius
318 1445 409 1532 [Aen.
433 1443 466 1524 ll,
489 1444 581 1533 5⁰7l²
600 1440 701 1512 ‘urbis
724 1446 770 1511 uti
793 1453 907 1536 captae
929 1465 1039 1512 casum
1062 1442 1254 1534 colapseque

146 1548 242 1622 uidit?
1266 1578 1294 1619 ro

229 1663 301 1729 267.
339 1686 426 1732 aaut
448 1685 554 1730 rarat.
585 1659 703 1756 ‘posita
726 1660 830 1745 tiara’,
861 1663 892 1730 irl
916 1669 965 1729 est
985 1661 1182 1751 corybantio.
1219 1671 1256 1729 ut

146 1769 297 1864 Virgilius
327 1759 422 1861 ’[Αεη.
446 1771 480 1854 ll,
503 1773 595 1862 5091:
626 1769 728 1840 ‘arma
755 1773 808 1841 diu
836 1774 942 1840 senior
964 1772 1095 1840 desueta
1117 1781 1255 1841 tremen-

144 1882 228 1951 tibus
251 1905 332 1951 aeuo
355 1881 531 1950 circumdat
551 1884 745 1974 nequiquam
767 1879 903 1951 umeris?

229 1993 303 2062 268.
340 2015 383 2058 ar
416 2015 493 2058 avia·
525 2016 610 2060 auae
644 2016 747 2062 suaa:
785 1993 912 2060 occisus
938 2002 997 2061 est
1034 2002 1070 2059 ut
1104 1991 1255 2085 Virgilius

147 2103 239 2191 [Aen.
262 2100 296 2182 ll,
317 2102 410 2190 5021:
443 2097 612 2194 ‘sanguine
634 2103 825 2182 foedantem,
855 2125 938 2194 quos
964 2105 1032 2195 ipse
1062 2111 1254 2184 seruauerat,
1270 2123 1294 2164 u

145 2210 254 2305 ignes?

229 2324 302 2391 270.
339 2347 475 2392 anesus.
514 2331 716 2415 contemptus
749 2325 789 2391 ab
823 2333 927 2392 aratro
958 2347 1074 2406 senex,
1111 2327 1164 2417 qui
1191 2347 1257 2394 non

145 2441 253 2525 potest
275 2433 430 2515 laborare,
452 2434 485 2501 id
508 2442 557 2500 est
578 2455 677 2500 arare.

136 2591 139 2598 ⁴
229 2543 302 2608 271.
341 2566 400 2610 sen
423 2567 530 2612 roura
555 2565 625 2610 cau.
665 2554 838 2612 excaecato
871 2543 1093 2635 Polymestore
1121 2545 1256 2614 Hecuba

144 2676 220 2722 eum
242 2654 327 2720 saxis
348 2652 564 2743 impelleretur
587 2675 604 2719 a
627 2653 746 2744 populo
770 2654 940 2735 Thracum,
971 2677 1065 2722 uersa
1085 2657 1118 2723 in
1141 2678 1255 2724 canem
1268 2681 1296 2721 m

145 2765 255 2833 [eruar.
544 2763 546 2770 '

231 2875 305 2940 272
342 2897 506 2942 arrarum
535 2897 635 2942 arcrv
662 2898 756 2952 ovea.
794 2874 961 2944 Hecubam
988 2876 1077 2957 dicit,
1110 2877 1197 2968 quod
1224 2879 1257 2946 in

148 3007 228 3052 eane
249 2986 290 3053 sit
312 3007 422 3064 uersa3
446 3008 487 3052 an
509 2985 582 3076 quia
599 2982 730 3052 Graecis
752 2988 897 3055 conuicia
920 2985 1122 3080 congerebat,
1144 3009 1258 3056 canem

147 3091 414 3162 nominauemnt?

232 3203 304 3268 273.
342 3225 485 3272 auausao
508 3201 620 3274 Poum.
660 3206 832 3274 Mitridates
859 3228 934 3275 cum
964 3231 1022 3298 per
1047 3208 1296 3300 quadragintae

149 3334 250 3379 annos
273 3313 428 3380 aduersus
450 3312 612 3384 Romanos
635 3316 833 3395 dimicasset,
866 3340 940 3384 eum
963 3317 1138 3384 Famacem
1160 3316 1259 3384 filium

150 3444 246 3489 auum
268 3423 352 3515 apud
374 3433 499 3492 ceteros
523 3427 590 3494 eius
614 3427 725 3494 iratres
747 3422 904 3492 uoluisset
925 3425 1089 3506 occidere,
1111 3426 1150 3492 ab
1173 3430 1260 3495 omni

149 3530 281 3600 relictus
309 3537 452 3604 exercitu
480 3544 545 3618 est,
583 3544 615 3604 et
644 3535 801 3603 exhausto
830 3555 955 3602 ueneno
982 3536 1089 3625 periit,
1125 3547 1259 3630 accepto

149 3827 179 3882 4.
200 3823 304 3884 sunere
324 3825 382 3884 ΡΒ.
481 3825 549 3902 quie
569 3824 663 3883 solent
683 3843 700 3882 a
719 3821 786 3881 filiis
805 3823 910 3884 lunera
931 3835 1044 3903 patrum
1063 3824 1125 3885 lieri
1145 3846 1171 3884 a.

149 3906 180 3960 9.
201 3905 398 3977 conuolsaque
414 3901 566 3977 Ver9illua.
628 3906 674 3960 17.
697 3913 812 3960 aratore
825 3903 856 3961 6.
871 3902 974 3962 Bortlo.
1033 3905 1101 3979 quia
1118 3905 1259 3963 (Μανῆ).

152 3984 198 4038 18.
213 3998 296 4038 arare
308 3978 337 4035 id
348 3989 392 4037 est
404 3980 536 4037 laborare
542 3975 774 4051 Solortzlleisolr.
827 3983 874 4038 20.
887 3983 1103 4058 impetereturo.
1158 3986 1207 4040 27.
1219 3984 1260 4039 si-

151 4067 199 4114 cut
219 4067 332 4116 ceteros
352 4076 380 4132 p.
407 4076 500 4134 aeque
527 4067 557 4113 ut
583 4066 695 4116 ceteros
716 4055 946 4130 Solurtzlleiaelo.
1063 4061 1111 4114 28.
1132 4061 1259 4116 exercitu

151 4154 220 4194 eme
243 4135 328 4214 periit
348 4152 410 4190 cum
430 4133 534 4192 hausto
556 4153 668 4193 ueneno
688 4153 723 4194 ex
744 4145 867 4213 eccepto
887 4136 1055 4211 frequenter
1074 4135 1204 4192 antidoto
1220 4137 1261 4194 ita

152 4211 248 4290 perire
268 4207 499 4282 Solortzrleieoli.
