3025 4859
583 415 728 472 SATVRA
746 418 793 472 111.
1191 409 1239 482 19

91 574 233 657 aarbor,
255 586 288 645 et
310 581 421 649 eiectis
442 583 601 651 mendicat
623 584 703 653 silua
725 585 877 654 Camenis
897 628 941 639 —
1197 603 1240 659 20

125 684 177 753 hic
200 698 278 757 tunc
301 688 484 761 Vmbricius
500 690 652 787 “quando
676 694 819 765 artibus’'
843 699 945 789 inquit
960 694 1127 767 “honestis

124 798 236 867 nullus
257 803 289 870 in
312 804 392 870 urbe
413 802 518 887 locus,
542 806 627 875 nulla
650 808 866 875 emolumenta
887 807 1049 889 laborum,

125 932 178 976 res
202 910 300 980 hodie
321 916 425 983 minor
447 926 504 999 est,
526 916 603 985 here
626 942 722 1011 quam
744 921 817 1000 fuit,
840 928 934 1012 atque
958 920 1071 989 eadem
1094 944 1164 990 cras

126 1019 255 1089 deteret
276 1027 399 1118 exiguis
421 1026 552 1119 aliquid,
575 1030 781 1121 proponimus
803 1028 879 1097 illuc

127 1130 184 1214 ire,
209 1136 357 1227 fatigatas
380 1136 432 1205 ubi
454 1137 618 1207 Daedalus
641 1141 728 1207 exuit
750 1140 826 1220 alas,
1199 1158 1239 1215 25

131 1241 212 1309 dum
237 1268 323 1313 noua
347 1250 484 1331 canities,
508 1251 584 1317 dum
606 1253 708 1343 prima
730 1261 763 1318 et
784 1260 871 1319 recta
892 1259 1050 1332 senectus,

37 1394 42 1401 ·
129 1352 210 1420 dum
234 1368 382 1447 superest
401 1357 537 1429 Lachesi
557 1363 643 1453 quod
666 1371 821 1454 torqueat,
845 1360 1030 1453 etpedibus
1051 1386 1104 1431 me

127 1475 227 1555 porto
249 1470 330 1535 meis
352 1469 438 1539 nadlo
462 1474 608 1542 dextram
631 1472 787 1541 subeunte
809 1471 935 1539 bacillo.

130 1576 287 1644 cedamus
308 1584 418 1671 patria.
448 1587 559 1652 uiuant
581 1586 725 1654 Artorius
746 1586 818 1651 istic

130 1696 163 1752 et
190 1688 340 1772 Catulus,
362 1705 512 1762 maneant
533 1698 586 1789 qui
609 1699 734 1789 nigrum
755 1697 789 1763 in
810 1693 944 1761 candida
965 1702 1109 1775 uertunt,
1201 1708 1241 1765 30

130 1800 205 1889 quis
229 1800 321 1869 facile
344 1813 393 1871 est
415 1806 528 1873 aedem
552 1809 733 1875 conducere
755 1807 886 1873 flumina
905 1813 1027 1897 portus,

131 1912 317 1980 siccandam
339 1912 485 1996 eluuiem,
509 1918 700 2009 portandum
722 1918 763 1984 ad
785 1916 879 1984 busta
899 1915 1046 1996 cadauer,

132 2031 166 2088 et
187 2024 342 2115 praebere
365 2036 462 2117 caput
483 2028 610 2095 domina
633 2026 747 2096 uenale
770 2027 828 2094 sub
851 2025 951 2093 hasta.

133 2134 296 2225 quandam
318 2135 349 2203 hi
371 2138 548 2206 cornicines
571 2148 604 2206 et
623 2137 823 2230 municipalis
844 2136 983 2204 harenae

132 2248 280 2337 perpetui
303 2251 436 2317 comites
458 2258 618 2341 notaeque
640 2274 698 2343 per
720 2249 837 2343 oppida
857 2249 979 2316 buccae
1202 2262 1241 2321 35

8 2358 9 2365 ’
132 2378 266 2425 munera
288 2382 372 2427 nune
396 2360 505 2443 edunt,
529 2369 561 2427 et
581 2384 676 2428 uerso
699 2360 817 2453 pollice
838 2358 955 2452 uulgus

133 2490 231 2559 quem
252 2468 341 2535 iubet
362 2471 513 2539 occidunt
533 2471 737 2563 populariter,
760 2471 835 2539 inde
857 2470 980 2538 reuersi

134 2578 322 2646 conducunt
344 2582 469 2663 loricas,
492 2590 526 2649 et
547 2605 604 2649 cur
625 2605 689 2649 non
711 2578 840 2650 omnia?
867 2604 941 2649 cum
964 2580 1026 2647 sint

136 2688 245 2780 quales
268 2714 310 2757 ex
331 2689 441 2757 humili
463 2715 581 2784 magna
603 2693 643 2760 ad
665 2694 791 2785 fastigia
812 2714 920 2758 rerum

137 2798 267 2881 extollit,
291 2802 439 2893 quotiens
461 2802 563 2870 uoluit
584 2800 726 2871 Fortuna
747 2804 855 2870 iocari.

136 2910 210 3001 quid
233 2908 357 2979 Romae
379 2910 517 2980 faciam?
538 2915 663 2980 mentiri
685 2914 804 2993 nescio,
826 2910 952 2992 librum,

136 3022 161 3087 si
182 3020 286 3089 malus
309 3032 367 3104 est,
391 3046 516 3115 nequeo
537 3022 672 3091 laudare
695 3033 727 3092 et
748 3046 893 3117 poscere,
914 3030 1021 3090 motus

136 3140 292 3199 astrorum
314 3134 436 3227 ignoro,
459 3137 554 3203 funus
576 3137 763 3229 promittere
784 3135 883 3228 patris

133 3396 178 3451 20.
200 3392 301 3453 electis
313 3412 333 3452 a
345 3393 429 3471 [corr.
443 3392 553 3469 eiectis]
567 3412 584 3452 o
597 3392 687 3452 coclear
701 3398 819 3453 Danaae
831 3392 869 3452 ud
879 3391 974 3452 laactl.
988 3389 1133 3463 snm,
1143 3398 1190 3453 31.

133 3474 177 3529 21.
198 3470 243 3528 lan
255 3474 289 3539 P,
307 3471 419 3546 hicpur.
479 3472 640 3531 Vmbricius
651 3476 717 3529 Pto:
738 3473 896 3530 Vmbricius
907 3487 935 3537 ς.
988 3472 1244 3531 aetermam.

133 3550 431 3627 xv,3,14p.1011.
529 3552 576 3607 25.
598 3550 658 3607 irae
675 3547 728 3605 Pd.
828 3548 994 3606 dedalueP.
1093 3554 1140 3609 29.
1163 3560 1242 3607 arto·

13 3668 16 3697 ,
132 3624 188 3681 rius
201 3629 264 3685 PS:
285 3628 406 3683 arturius
421 3624 470 3683 arel
484 3627 624 3683 arcturius
640 3644 674 3683 ro.
752 3630 800 3684 30.
821 3634 1004 3683 maneant—
1019 3635 1131 3683 uertant
1150 3626 1240 3686 solsol.

134 3704 333 3775 ress.1‚110.
419 3708 467 3761 32.
489 3704 594 3761 luuiern
607 3706 639 3760 S.
728 3707 775 3761 33.
797 3714 902 3761 aut—
923 3701 1038 3758 domino
1059 3703 1203 3763 nannet.

133 3780 272 3839 astasio.
337 3784 384 3839 34.
403 3781 574 3859 muncipalis
586 3799 648 3856 pro:
668 3782 916 3859 muncipalesPS.
994 3783 1041 3837 36.
1064 3781 1166 3857 uulgus
1179 3784 1246 3839 Ρωε

133 3858 210 3933 uulgi
229 3874 255 3926 ς.
341 3863 388 3916 37.
410 3878 493 3935 qaaem
511 3876 572 3934 par:
599 3876 664 3933 qum
680 3861 713 3925 P,
735 3858 814 3933 qnod
832 3856 872 3926 lm,
893 3876 957 3913 cum
973 3873 1000 3923 ς.
1092 3859 1172 3916 iubet
1186 3857 1245 3917 Po:

133 3934 208 3993 lubet
225 3954 279 4013 pa,
300 3936 371 3995 libet
383 3956 418 3995 ω.
437 3929 523 4012 ‘quos
534 3942 601 3993 unta
611 3935 735 4011 popolus
745 3933 859 3993 lubebat
870 3934 901 3991 td
909 3941 952 3993 cot
963 3934 1122 4009 inapercbot
1134 3928 1242 3993 occidt'

132 4010 216 4070 codol.
258 4014 362 4091 arralgus
388 4032 471 4090 quem
498 4014 576 4069 iubet
602 4015 725 4070 correxit
748 4012 778 4070 G.
803 4016 833 4071 F.
852 4016 1001 4069 Hermann
1019 4012 1113 4085 spicil.
1132 4019 1244 4070 aaaott.

134 4107 160 4163 p.
171 4094 217 4149 12.
239 4088 392 4169 Kernpfiau
409 4089 482 4148 olco.
496 4109 525 4166 p.
537 4088 588 4157 34,
608 4108 670 4145 cum
684 4091 812 4147 -iubet
835 4091 987 4147 Groaaerus
1003 4086 1041 4145 ud
1055 4088 1145 4147 solsol.
1160 4107 1188 4163 p.
1196 4092 1245 4147 75.

134 4170 178 4225 38.
199 4166 306 4227 loricas
329 4165 399 4225 Σωε
425 4168 538 4245 paricas
559 4170 593 4235 P,
619 4166 752 4243 plasticae
772 4184 799 4224 o.
901 4170 949 4225 39.
959 4166 1007 4224 40.
1027 4164 1116 4224 callot.
1134 4168 1247 4224 Lucani

138 4246 184 4319 Vl,
195 4250 225 4306 7.
296 4262 411 4303 summa
430 4242 468 4301 ad
486 4242 661 4303 solatiam.
721 4242 761 4300 ad
778 4262 842 4321 por:
862 4253 891 4301 at
910 4246 946 4301 P.
1018 4242 1245 4303 miscaria«.

998 4340 1046 4409 2.
