<?xml version="1.0" encoding="UTF-8"?>
<!DOCTYPE html PUBLIC "-//W3C//DTD XHTML 1.0 Transitional//EN"
    "http://www.w3.org/TR/xhtml1/DTD/xhtml1-transitional.dtd">
<html xmlns="http://www.w3.org/1999/xhtml" xml:lang="en" lang="en">
 <head>
  <title>
</title>
<meta http-equiv="Content-Type" content="text/html;charset=utf-8" />
  <meta name='ocr-system' content='tesseract 3.04.00' />
  <meta name='ocr-capabilities' content='ocr_page ocr_carea ocr_par ocr_line ocrx_word'/>
</head>
<body>
  <div class='ocr_page' id='page_1' title='image "./diuniiiuvenalis00jahngoog_0288.png"; bbox 0 0 3025 4859; ppageno 0'>
   <div class='ocr_carea' id='block_1_1' title="bbox 270 333 1001 413">
    <p class='ocr_par' dir='ltr' id='par_1_1' title="bbox 270 333 1001 413">
     <span class='ocr_line' id='line_1_1' title="bbox 270 333 1001 413; baseline -0.008 0"><span class='ocrx_word' id='word_1_1' title='bbox 270 333 346 413; x_wconf 80' lang='grc'><strong>138</strong></span> <span class='ocrx_word' id='word_1_2' title='bbox 646 354 681 405; x_wconf 86' lang='lat' dir='ltr'><strong>n.</strong></span> <span class='ocrx_word' id='word_1_3' title='bbox 701 350 788 405; x_wconf 80' lang='lat' dir='ltr'><strong>1an</strong></span> <span class='ocrx_word' id='word_1_4' title='bbox 807 350 1001 407; x_wconf 80' lang='lat' dir='ltr'><strong>rvvnuams</strong></span> 
     </span>
    </p>
   </div>
   <div class='ocr_carea' id='block_1_2' title="bbox 201 520 1382 3031">
    <p class='ocr_par' dir='ltr' id='par_1_2' title="bbox 269 520 1201 723">
     <span class='ocr_line' id='line_1_2' title="bbox 269 520 1201 613; baseline -0.005 -25"><span class='ocrx_word' id='word_1_5' title='bbox 269 520 431 613; x_wconf 91' lang='lat' dir='ltr'><strong>quondam</strong></span> <span class='ocrx_word' id='word_1_6' title='bbox 451 520 514 587; x_wconf 92' lang='lat' dir='ltr'><strong>hoc</strong></span> <span class='ocrx_word' id='word_1_7' title='bbox 534 521 702 613; x_wconf 81' lang='lat' dir='ltr'><strong>indigenae</strong></span> <span class='ocrx_word' id='word_1_8' title='bbox 723 520 875 589; x_wconf 90' lang='lat' dir='ltr'><strong>uiuebant</strong></span> <span class='ocrx_word' id='word_1_9' title='bbox 896 544 995 603; x_wconf 91' lang='lat' dir='ltr'><strong>more,</strong></span> <span class='ocrx_word' id='word_1_10' title='bbox 1017 521 1201 611; x_wconf 80' lang='lat' dir='ltr'>priusquam</span> 
     </span>
     <span class='ocr_line' id='line_1_3' title="bbox 270 630 1057 723; baseline -0.003 -25"><span class='ocrx_word' id='word_1_11' title='bbox 270 639 410 699; x_wconf 80' lang='lat' dir='ltr'>sumeret</span> <span class='ocrx_word' id='word_1_12' title='bbox 432 639 591 723; x_wconf 86' lang='lat' dir='ltr'><strong>agrestem</strong></span> <span class='ocrx_word' id='word_1_13' title='bbox 613 632 716 722; x_wconf 89' lang='lat' dir='ltr'><strong>posito</strong></span> <span class='ocrx_word' id='word_1_14' title='bbox 740 631 919 698; x_wconf 89' lang='lat' dir='ltr'><strong>diademate</strong></span> <span class='ocrx_word' id='word_1_15' title='bbox 941 630 1057 697; x_wconf 85' lang='lat' dir='ltr'><strong>falcem</strong></span> 
     </span>
    </p>

    <p class='ocr_par' dir='ltr' id='par_1_3' title="bbox 201 738 1096 834">
     <span class='ocr_line' id='line_1_4' title="bbox 201 738 1096 834; baseline -0.001 -26"><span class='ocrx_word' id='word_1_16' title='bbox 201 813 209 829; x_wconf 46' lang='grc'><strong>,</strong></span> <span class='ocrx_word' id='word_1_17' title='bbox 270 742 427 808; x_wconf 89' lang='lat' dir='ltr'><strong>Saturnus</strong></span> <span class='ocrx_word' id='word_1_18' title='bbox 450 742 583 834; x_wconf 80' lang='lat' dir='ltr'><strong>fugiens,</strong></span> <span class='ocrx_word' id='word_1_19' title='bbox 605 750 690 820; x_wconf 90' lang='lat' dir='ltr'><strong>tunc,</strong></span> <span class='ocrx_word' id='word_1_20' title='bbox 712 763 787 807; x_wconf 89' lang='lat' dir='ltr'><strong>curn</strong></span> <span class='ocrx_word' id='word_1_21' title='bbox 809 740 996 832; x_wconf 89' lang='lat' dir='ltr'><strong>uirguncula</strong></span> <span class='ocrx_word' id='word_1_22' title='bbox 1019 738 1096 808; x_wconf 90' lang='lat' dir='ltr'><strong>luno</strong></span> 
     </span>
    </p>

    <p class='ocr_par' dir='ltr' id='par_1_4' title="bbox 270 848 1003 942">
     <span class='ocr_line' id='line_1_5' title="bbox 270 848 1003 942; baseline -0.001 -25"><span class='ocrx_word' id='word_1_23' title='bbox 270 859 303 917; x_wconf 90' lang='lat' dir='ltr'><strong>et</strong></span> <span class='ocrx_word' id='word_1_24' title='bbox 323 853 467 942; x_wconf 90' lang='lat' dir='ltr'><strong>priuatus</strong></span> <span class='ocrx_word' id='word_1_25' title='bbox 489 850 593 918; x_wconf 90' lang='lat' dir='ltr'><strong>adhuc</strong></span> <span class='ocrx_word' id='word_1_26' title='bbox 614 849 715 917; x_wconf 82' lang='lat' dir='ltr'><strong>idaeis</strong></span> <span class='ocrx_word' id='word_1_27' title='bbox 737 848 877 942; x_wconf 90' lang='lat' dir='ltr'><strong>luppiter</strong></span> <span class='ocrx_word' id='word_1_28' title='bbox 899 852 1003 917; x_wconf 80' lang='lat' dir='ltr'><strong>antris.</strong></span> 
     </span>
    </p>

    <p class='ocr_par' dir='ltr' id='par_1_5' title="bbox 269 959 1021 1052">
     <span class='ocr_line' id='line_1_6' title="bbox 269 959 1021 1052; baseline 0.001 -25"><span class='ocrx_word' id='word_1_29' title='bbox 269 960 356 1027; x_wconf 91' lang='lat' dir='ltr'><strong>nulla</strong></span> <span class='ocrx_word' id='word_1_30' title='bbox 378 983 474 1052; x_wconf 90' lang='lat' dir='ltr'><strong>super</strong></span> <span class='ocrx_word' id='word_1_31' title='bbox 495 959 596 1027; x_wconf 90' lang='lat' dir='ltr'><strong>nubes</strong></span> <span class='ocrx_word' id='word_1_32' title='bbox 618 961 766 1028; x_wconf 86' lang='lat' dir='ltr'><strong>conuiuia</strong></span> <span class='ocrx_word' id='word_1_33' title='bbox 788 959 1021 1040; x_wconf 82' lang='lat' dir='ltr'><strong>coelicolarum,</strong></span> 
     </span>
    </p>

    <p class='ocr_par' dir='ltr' id='par_1_6' title="bbox 269 1068 1094 1161">
     <span class='ocr_line' id='line_1_7' title="bbox 269 1068 1094 1161; baseline -0.001 -24"><span class='ocrx_word' id='word_1_34' title='bbox 269 1094 331 1137; x_wconf 93' lang='lat' dir='ltr'><strong>nec</strong></span> <span class='ocrx_word' id='word_1_35' title='bbox 352 1094 432 1161; x_wconf 90' lang='lat' dir='ltr'><strong>puer</strong></span> <span class='ocrx_word' id='word_1_36' title='bbox 453 1068 575 1150; x_wconf 88' lang='lat' dir='ltr'><strong>lliacus,</strong></span> <span class='ocrx_word' id='word_1_37' title='bbox 596 1071 735 1136; x_wconf 88' lang='lat' dir='ltr'><strong>formosa</strong></span> <span class='ocrx_word' id='word_1_38' title='bbox 759 1092 819 1137; x_wconf 90' lang='lat' dir='ltr'><strong>nec</strong></span> <span class='ocrx_word' id='word_1_39' title='bbox 840 1068 988 1138; x_wconf 86' lang='lat' dir='ltr'><strong>Herculis</strong></span> <span class='ocrx_word' id='word_1_40' title='bbox 1012 1094 1094 1137; x_wconf 81' lang='lat' dir='ltr'><strong>uxor</strong></span> 
     </span>
    </p>

    <p class='ocr_par' dir='ltr' id='par_1_7' title="bbox 268 1178 1179 2260">
     <span class='ocr_line' id='line_1_8' title="bbox 271 1178 1057 1273; baseline 0.004 -28"><span class='ocrx_word' id='word_1_41' title='bbox 271 1180 311 1247; x_wconf 91' lang='lat' dir='ltr'><strong>ad</strong></span> <span class='ocrx_word' id='word_1_42' title='bbox 334 1178 476 1269; x_wconf 79' lang='lat' dir='ltr'><strong>cyathos,</strong></span> <span class='ocrx_word' id='word_1_43' title='bbox 499 1187 531 1245; x_wconf 89' lang='lat' dir='ltr'><strong>et</strong></span> <span class='ocrx_word' id='word_1_44' title='bbox 550 1180 613 1245; x_wconf 91' lang='lat' dir='ltr'><strong>iam</strong></span> <span class='ocrx_word' id='word_1_45' title='bbox 635 1182 755 1248; x_wconf 88' lang='lat' dir='ltr'><strong>siccato</strong></span> <span class='ocrx_word' id='word_1_46' title='bbox 777 1188 907 1247; x_wconf 80' lang='lat' dir='ltr'><strong>nectare</strong></span> <span class='ocrx_word' id='word_1_47' title='bbox 930 1189 1057 1273; x_wconf 83' lang='lat' dir='ltr'><strong>tergens</strong></span> 
     </span>
     <span class='ocr_line' id='line_1_9' title="bbox 268 1286 1054 1381; baseline 0.006 -27"><span class='ocrx_word' id='word_1_48' title='bbox 268 1286 417 1356; x_wconf 91' lang='lat' dir='ltr'><strong>bracchia</strong></span> <span class='ocrx_word' id='word_1_49' title='bbox 438 1286 602 1357; x_wconf 90' lang='lat' dir='ltr'><strong>Vulcanus</strong></span> <span class='ocrx_word' id='word_1_50' title='bbox 624 1287 780 1380; x_wconf 87' lang='lat' dir='ltr'><strong>Liparaea</strong></span> <span class='ocrx_word' id='word_1_51' title='bbox 802 1291 892 1381; x_wconf 87' lang='lat' dir='ltr'><strong>nigra</strong></span> <span class='ocrx_word' id='word_1_52' title='bbox 914 1291 1054 1359; x_wconf 86' lang='lat' dir='ltr'><strong>taberna.</strong></span> 
     </span>
     <span class='ocr_line' id='line_1_10' title="bbox 269 1398 1147 1491; baseline 0.006 -29"><span class='ocrx_word' id='word_1_53' title='bbox 269 1398 446 1488; x_wconf 86' lang='lat' dir='ltr'><strong>prandebat</strong></span> <span class='ocrx_word' id='word_1_54' title='bbox 467 1399 525 1466; x_wconf 90' lang='lat' dir='ltr'><strong>sibi</strong></span> <span class='ocrx_word' id='word_1_55' title='bbox 548 1401 682 1491; x_wconf 88' lang='lat' dir='ltr'><strong>quisque</strong></span> <span class='ocrx_word' id='word_1_56' title='bbox 704 1399 793 1479; x_wconf 91' lang='lat' dir='ltr'><strong>deus,</strong></span> <span class='ocrx_word' id='word_1_57' title='bbox 815 1421 875 1466; x_wconf 89' lang='lat' dir='ltr'><strong>nec</strong></span> <span class='ocrx_word' id='word_1_58' title='bbox 899 1399 990 1467; x_wconf 88' lang='lat' dir='ltr'><strong>turba</strong></span> <span class='ocrx_word' id='word_1_59' title='bbox 1013 1401 1147 1468; x_wconf 88' lang='lat' dir='ltr'><strong>deorum</strong></span> 
     </span>
     <span class='ocr_line' id='line_1_11' title="bbox 269 1506 1095 1601; baseline 0.002 -28"><span class='ocrx_word' id='word_1_60' title='bbox 269 1506 350 1588; x_wconf 82' lang='lat' dir='ltr'><strong>talis,</strong></span> <span class='ocrx_word' id='word_1_61' title='bbox 372 1518 408 1574; x_wconf 93' lang='lat' dir='ltr'><strong>ut</strong></span> <span class='ocrx_word' id='word_1_62' title='bbox 431 1518 479 1575; x_wconf 90' lang='lat' dir='ltr'><strong>est</strong></span> <span class='ocrx_word' id='word_1_63' title='bbox 500 1509 604 1590; x_wconf 90' lang='lat' dir='ltr'><strong>hodie,</strong></span> <span class='ocrx_word' id='word_1_64' title='bbox 626 1517 838 1600; x_wconf 82' lang='lat' dir='ltr'><strong>contentaque</strong></span> <span class='ocrx_word' id='word_1_65' title='bbox 861 1508 963 1576; x_wconf 92' lang='lat' dir='ltr'><strong>sidera</strong></span> <span class='ocrx_word' id='word_1_66' title='bbox 985 1512 1095 1601; x_wconf 88' lang='lat' dir='ltr'><strong>paucis</strong></span> 
     </span>
     <span class='ocr_line' id='line_1_12' title="bbox 270 1616 1110 1711; baseline 0.004 -28"><span class='ocrx_word' id='word_1_67' title='bbox 270 1617 451 1685; x_wconf 88' lang='lat' dir='ltr'><strong>numinibus</strong></span> <span class='ocrx_word' id='word_1_68' title='bbox 471 1621 622 1688; x_wconf 89' lang='lat' dir='ltr'><strong>miserum</strong></span> <span class='ocrx_word' id='word_1_69' title='bbox 644 1616 824 1711; x_wconf 88' lang='lat' dir='ltr'><strong>urguebant</strong></span> <span class='ocrx_word' id='word_1_70' title='bbox 844 1618 974 1685; x_wconf 88' lang='lat' dir='ltr'><strong>Atlanta</strong></span> <span class='ocrx_word' id='word_1_71' title='bbox 995 1621 1110 1686; x_wconf 90' lang='lat' dir='ltr'><strong>minori</strong></span> 
     </span>
     <span class='ocr_line' id='line_1_13' title="bbox 270 1728 1159 1820; baseline 0.003 -26"><span class='ocrx_word' id='word_1_72' title='bbox 270 1728 419 1819; x_wconf 92' lang='lat' dir='ltr'><strong>pondere.</strong></span> <span class='ocrx_word' id='word_1_73' title='bbox 453 1731 592 1798; x_wconf 90' lang='lat' dir='ltr'><strong>nondum</strong></span> <span class='ocrx_word' id='word_1_74' title='bbox 615 1728 727 1819; x_wconf 89' lang='lat' dir='ltr'><strong>aliquis</strong></span> <span class='ocrx_word' id='word_1_75' title='bbox 749 1728 879 1795; x_wconf 91' lang='lat' dir='ltr'><strong>sortitus</strong></span> <span class='ocrx_word' id='word_1_76' title='bbox 902 1730 990 1795; x_wconf 88' lang='lat' dir='ltr'><strong>triste</strong></span> <span class='ocrx_word' id='word_1_77' title='bbox 1012 1730 1159 1820; x_wconf 86' lang='lat' dir='ltr'><strong>profundi</strong></span> 
     </span>
     <span class='ocr_line' id='line_1_14' title="bbox 269 1837 1179 1931; baseline 0.003 -28"><span class='ocrx_word' id='word_1_78' title='bbox 269 1839 437 1931; x_wconf 90' lang='lat' dir='ltr'><strong>imperium</strong></span> <span class='ocrx_word' id='word_1_79' title='bbox 459 1850 514 1907; x_wconf 90' lang='lat' dir='ltr'><strong>aut</strong></span> <span class='ocrx_word' id='word_1_80' title='bbox 535 1838 645 1907; x_wconf 88' lang='lat' dir='ltr'><strong>Sicula</strong></span> <span class='ocrx_word' id='word_1_81' title='bbox 666 1846 779 1905; x_wconf 87' lang='lat' dir='ltr'><strong>toruus</strong></span> <span class='ocrx_word' id='word_1_82' title='bbox 801 1860 874 1905; x_wconf 90' lang='lat' dir='ltr'><strong>cum</strong></span> <span class='ocrx_word' id='word_1_83' title='bbox 897 1838 1032 1929; x_wconf 90' lang='lat' dir='ltr'><strong>coniuge</strong></span> <span class='ocrx_word' id='word_1_84' title='bbox 1054 1837 1179 1919; x_wconf 90' lang='lat' dir='ltr'><strong>Pluton,</strong></span> 
     </span>
     <span class='ocr_line' id='line_1_15' title="bbox 269 1948 1178 2017; baseline 0 -2"><span class='ocrx_word' id='word_1_85' title='bbox 269 1970 331 2015; x_wconf 92' lang='lat' dir='ltr'><strong>nec</strong></span> <span class='ocrx_word' id='word_1_86' title='bbox 353 1959 422 2016; x_wconf 90' lang='lat' dir='ltr'><strong>rota</strong></span> <span class='ocrx_word' id='word_1_87' title='bbox 444 1974 505 2017; x_wconf 91' lang='lat' dir='ltr'><strong>nec</strong></span> <span class='ocrx_word' id='word_1_88' title='bbox 525 1949 640 2016; x_wconf 89' lang='lat' dir='ltr'><strong>Furiae</strong></span> <span class='ocrx_word' id='word_1_89' title='bbox 662 1970 724 2015; x_wconf 90' lang='lat' dir='ltr'><strong>nec</strong></span> <span class='ocrx_word' id='word_1_90' title='bbox 746 1970 861 2014; x_wconf 89' lang='lat' dir='ltr'><strong>saxum</strong></span> <span class='ocrx_word' id='word_1_91' title='bbox 883 1956 938 2014; x_wconf 87' lang='lat' dir='ltr'><strong>aut</strong></span> <span class='ocrx_word' id='word_1_92' title='bbox 959 1948 1096 2014; x_wconf 90' lang='lat' dir='ltr'><strong>uulturis</strong></span> <span class='ocrx_word' id='word_1_93' title='bbox 1120 1951 1178 2015; x_wconf 89' lang='lat' dir='ltr'><strong>atri</strong></span> 
     </span>
     <span class='ocr_line' id='line_1_16' title="bbox 268 2056 1149 2149; baseline 0 -24"><span class='ocrx_word' id='word_1_94' title='bbox 268 2081 383 2149; x_wconf 90' lang='lat' dir='ltr'><strong>poena,</strong></span> <span class='ocrx_word' id='word_1_95' title='bbox 405 2060 461 2127; x_wconf 92' lang='lat' dir='ltr'><strong>sed</strong></span> <span class='ocrx_word' id='word_1_96' title='bbox 482 2060 609 2126; x_wconf 80' lang='lat' dir='ltr'><strong>infernis</strong></span> <span class='ocrx_word' id='word_1_97' title='bbox 631 2056 746 2124; x_wconf 88' lang='lat' dir='ltr'><strong>hilares</strong></span> <span class='ocrx_word' id='word_1_98' title='bbox 768 2059 835 2125; x_wconf 92' lang='lat' dir='ltr'><strong>sine</strong></span> <span class='ocrx_word' id='word_1_99' title='bbox 856 2057 986 2149; x_wconf 88' lang='lat' dir='ltr'><strong>regibus</strong></span> <span class='ocrx_word' id='word_1_100' title='bbox 1008 2058 1149 2126; x_wconf 90' lang='lat' dir='ltr'><strong>umbrae.</strong></span> 
     </span>
     <span class='ocr_line' id='line_1_17' title="bbox 268 2166 921 2260; baseline -0.003 -26"><span class='ocrx_word' id='word_1_101' title='bbox 268 2168 441 2260; x_wconf 87' lang='lat' dir='ltr'><strong>inprobitas</strong></span> <span class='ocrx_word' id='word_1_102' title='bbox 462 2169 516 2236; x_wconf 93' lang='lat' dir='ltr'><strong>illo</strong></span> <span class='ocrx_word' id='word_1_103' title='bbox 539 2170 598 2236; x_wconf 87' lang='lat' dir='ltr'><strong>luit</strong></span> <span class='ocrx_word' id='word_1_104' title='bbox 617 2166 809 2235; x_wconf 89' lang='lat' dir='ltr'><strong>admirabilis</strong></span> <span class='ocrx_word' id='word_1_105' title='bbox 831 2189 921 2247; x_wconf 92' lang='lat' dir='ltr'><strong>aeuo,</strong></span> 
     </span>
    </p>

    <p class='ocr_par' dir='ltr' id='par_1_8' title="bbox 270 2276 1141 2456">
     <span class='ocr_line' id='line_1_18' title="bbox 270 2276 1141 2372; baseline 0.002 -27"><span class='ocrx_word' id='word_1_106' title='bbox 270 2276 441 2345; x_wconf 89' lang='lat' dir='ltr'><strong>credebant</strong></span> <span class='ocrx_word' id='word_1_107' title='bbox 462 2302 526 2372; x_wconf 91' lang='lat' dir='ltr'><strong>quo</strong></span> <span class='ocrx_word' id='word_1_108' title='bbox 549 2278 668 2370; x_wconf 89' lang='lat' dir='ltr'><strong>grande</strong></span> <span class='ocrx_word' id='word_1_109' title='bbox 691 2278 779 2344; x_wconf 85' lang='lat' dir='ltr'><strong>ncias</strong></span> <span class='ocrx_word' id='word_1_110' title='bbox 802 2286 835 2344; x_wconf 91' lang='lat' dir='ltr'><strong>et</strong></span> <span class='ocrx_word' id='word_1_111' title='bbox 858 2286 961 2344; x_wconf 89' lang='lat' dir='ltr'><strong>morte</strong></span> <span class='ocrx_word' id='word_1_112' title='bbox 982 2278 1141 2370; x_wconf 89' lang='lat' dir='ltr'><strong>piandum,</strong></span> 
     </span>
     <span class='ocr_line' id='line_1_19' title="bbox 270 2387 1003 2456; baseline 0.003 -3"><span class='ocrx_word' id='word_1_113' title='bbox 270 2390 297 2453; x_wconf 91' lang='lat' dir='ltr'><strong>si</strong></span> <span class='ocrx_word' id='word_1_114' title='bbox 317 2389 441 2455; x_wconf 87' lang='lat' dir='ltr'><strong>iuuenis</strong></span> <span class='ocrx_word' id='word_1_115' title='bbox 462 2388 572 2456; x_wconf 91' lang='lat' dir='ltr'><strong>uetulo</strong></span> <span class='ocrx_word' id='word_1_116' title='bbox 593 2412 657 2455; x_wconf 95' lang='lat' dir='ltr'><strong>non</strong></span> <span class='ocrx_word' id='word_1_117' title='bbox 680 2387 903 2455; x_wconf 87' lang='lat' dir='ltr'><strong>adsurrexerat</strong></span> <span class='ocrx_word' id='word_1_118' title='bbox 925 2397 956 2453; x_wconf 93' lang='lat' dir='ltr'><strong>et</strong></span> <span class='ocrx_word' id='word_1_119' title='bbox 977 2390 1003 2455; x_wconf 90' lang='lat' dir='ltr'><strong>si</strong></span> 
     </span>
    </p>

    <p class='ocr_par' dir='ltr' id='par_1_9' title="bbox 270 2496 1059 2590">
     <span class='ocr_line' id='line_1_20' title="bbox 270 2496 1059 2590; baseline 0 -25"><span class='ocrx_word' id='word_1_120' title='bbox 270 2498 402 2566; x_wconf 91' lang='lat' dir='ltr'><strong>barbato</strong></span> <span class='ocrx_word' id='word_1_121' title='bbox 425 2502 616 2590; x_wconf 73' lang='lat' dir='ltr'><strong>crocumque</strong></span> <span class='ocrx_word' id='word_1_122' title='bbox 638 2520 727 2589; x_wconf 90' lang='lat' dir='ltr'><strong>puer,</strong></span> <span class='ocrx_word' id='word_1_123' title='bbox 748 2496 825 2563; x_wconf 90' lang='lat' dir='ltr'><strong>licet</strong></span> <span class='ocrx_word' id='word_1_124' title='bbox 844 2498 912 2589; x_wconf 90' lang='lat' dir='ltr'><strong>ipse</strong></span> <span class='ocrx_word' id='word_1_125' title='bbox 935 2498 1059 2565; x_wconf 89' lang='lat' dir='ltr'><strong>uideret</strong></span> 
     </span>
    </p>

    <p class='ocr_par' dir='ltr' id='par_1_10' title="bbox 268 2607 1382 3031">
     <span class='ocr_line' id='line_1_21' title="bbox 269 2607 1103 2703; baseline 0.001 -29"><span class='ocrx_word' id='word_1_126' title='bbox 269 2607 360 2699; x_wconf 91' lang='lat' dir='ltr'><strong>plura</strong></span> <span class='ocrx_word' id='word_1_127' title='bbox 383 2609 468 2677; x_wconf 89' lang='lat' dir='ltr'><strong>domi</strong></span> <span class='ocrx_word' id='word_1_128' title='bbox 489 2611 579 2703; x_wconf 86' lang='lat' dir='ltr'><strong>fraga</strong></span> <span class='ocrx_word' id='word_1_129' title='bbox 601 2617 634 2675; x_wconf 92' lang='lat' dir='ltr'><strong>et</strong></span> <span class='ocrx_word' id='word_1_130' title='bbox 656 2610 792 2674; x_wconf 89' lang='lat' dir='ltr'><strong>maiores</strong></span> <span class='ocrx_word' id='word_1_131' title='bbox 815 2607 938 2699; x_wconf 90' lang='lat' dir='ltr'><strong>glandis</strong></span> <span class='ocrx_word' id='word_1_132' title='bbox 961 2632 1103 2676; x_wconf 91' lang='lat' dir='ltr'><strong>aceruos.</strong></span> 
     </span>
     <span class='ocr_line' id='line_1_22' title="bbox 269 2717 1134 2809; baseline 0.006 -26"><span class='ocrx_word' id='word_1_133' title='bbox 269 2726 335 2783; x_wconf 91' lang='lat' dir='ltr'><strong>tam</strong></span> <span class='ocrx_word' id='word_1_134' title='bbox 357 2718 537 2786; x_wconf 88' lang='lat' dir='ltr'><strong>uenerabile</strong></span> <span class='ocrx_word' id='word_1_135' title='bbox 560 2728 628 2786; x_wconf 87' lang='lat' dir='ltr'><strong>erat</strong></span> <span class='ocrx_word' id='word_1_136' title='bbox 649 2717 841 2809; x_wconf 87' lang='lat' dir='ltr'><strong>praecedere</strong></span> <span class='ocrx_word' id='word_1_137' title='bbox 865 2726 1014 2808; x_wconf 88' lang='lat' dir='ltr'><strong>quattuor</strong></span> <span class='ocrx_word' id='word_1_138' title='bbox 1037 2723 1134 2801; x_wconf 89' lang='lat' dir='ltr'><strong>annis,</strong></span> 
     </span>
     <span class='ocr_line' id='line_1_23' title="bbox 269 2821 1066 2921; baseline -0.003 -26"><span class='ocrx_word' id='word_1_139' title='bbox 269 2821 434 2920; x_wconf 81' lang='lat' dir='ltr'><strong>primaque</strong></span> <span class='ocrx_word' id='word_1_140' title='bbox 455 2830 614 2921; x_wconf 89' lang='lat' dir='ltr'><strong>paradeo</strong></span> <span class='ocrx_word' id='word_1_141' title='bbox 637 2849 747 2895; x_wconf 88' lang='lat' dir='ltr'><strong>sacrae</strong></span> <span class='ocrx_word' id='word_1_142' title='bbox 769 2826 886 2919; x_wconf 93' lang='lat' dir='ltr'><strong>lanugo</strong></span> <span class='ocrx_word' id='word_1_143' title='bbox 909 2836 1066 2895; x_wconf 88' lang='lat' dir='ltr'><strong>senectae.</strong></span> 
     </span>
     <span class='ocr_line' id='line_1_24' title="bbox 268 2935 1382 3031; baseline -0.001 -27"><span class='ocrx_word' id='word_1_144' title='bbox 268 2960 361 3019; x_wconf 90' lang='lat' dir='ltr'><strong>nunc,</strong></span> <span class='ocrx_word' id='word_1_145' title='bbox 384 2942 411 3005; x_wconf 88' lang='lat' dir='ltr'><strong>si</strong></span> <span class='ocrx_word' id='word_1_146' title='bbox 432 2939 612 3031; x_wconf 89' lang='lat' dir='ltr'><strong>depositum</strong></span> <span class='ocrx_word' id='word_1_147' title='bbox 633 2960 697 3005; x_wconf 91' lang='lat' dir='ltr'><strong>non</strong></span> <span class='ocrx_word' id='word_1_148' title='bbox 718 2935 867 3004; x_wconf 83' lang='lat' dir='ltr'><strong>infitietur</strong></span> <span class='ocrx_word' id='word_1_149' title='bbox 890 2938 1021 3017; x_wconf 84' lang='lat' dir='ltr'><strong>amicus,</strong></span> <span class='ocrx_word' id='word_1_150' title='bbox 1339 2960 1382 3013; x_wconf 75' lang='lat'><strong>60</strong></span> 
     </span>
    </p>
   </div>
   <div class='ocr_carea' id='block_1_3' title="bbox 265 3172 1382 4247">
    <p class='ocr_par' dir='ltr' id='par_1_11' title="bbox 265 3172 1382 4247">
     <span class='ocr_line' id='line_1_25' title="bbox 267 3172 1381 3306; baseline 0.005 -77"><span class='ocrx_word' id='word_1_151' title='bbox 267 3176 317 3229; x_wconf 80' lang='grc'><strong>40.</strong></span> <span class='ocrx_word' id='word_1_152' title='bbox 337 3172 526 3229; x_wconf 88' lang='lat' dir='ltr'><strong>tunc—luno</strong></span> <span class='ocrx_word' id='word_1_153' title='bbox 546 3172 963 3246; x_wconf 72' lang='lat' dir='ltr'><strong>Priscian.111,6‚34p.614.</strong></span> <span class='ocrx_word' id='word_1_154' title='bbox 1052 3176 1101 3231; x_wconf 88' lang='grc'><strong>41.</strong></span> <span class='ocrx_word' id='word_1_155' title='bbox 1122 3176 1287 3306; x_wconf 82' lang='lat' dir='ltr'><strong>primaeuus</strong></span> <span class='ocrx_word' id='word_1_156' title='bbox 1310 3181 1381 3235; x_wconf 80' lang='lat' dir='ltr'><strong>Bri-</strong></span> 
     </span>
     <span class='ocr_line' id='line_1_26' title="bbox 268 3250 1382 3325; baseline 0.003 -17"><span class='ocrx_word' id='word_1_157' title='bbox 268 3251 421 3319; x_wconf 78' lang='lat' dir='ltr'><strong>tannicos,</strong></span> <span class='ocrx_word' id='word_1_158' title='bbox 447 3250 558 3325; x_wconf 85' lang='lat' dir='ltr'><strong>uagiret</strong></span> <span class='ocrx_word' id='word_1_159' title='bbox 580 3252 768 3307; x_wconf 65' lang='lat' dir='ltr'><strong>Burunitanus</strong></span> <span class='ocrx_word' id='word_1_160' title='bbox 781 3254 919 3324; x_wconf 82' lang='lat' dir='ltr'><strong>patruus,</strong></span> <span class='ocrx_word' id='word_1_161' title='bbox 946 3250 1068 3306; x_wconf 80' lang='lat' dir='ltr'><strong>nutritus</strong></span> <span class='ocrx_word' id='word_1_162' title='bbox 1088 3268 1125 3306; x_wconf 85' lang='lat' dir='ltr'><strong>ua</strong></span> <span class='ocrx_word' id='word_1_163' title='bbox 1156 3251 1278 3309; x_wconf 84' lang='lat' dir='ltr'><strong>lactatus</strong></span> <span class='ocrx_word' id='word_1_164' title='bbox 1301 3258 1382 3312; x_wconf 81' lang='lat' dir='ltr'><strong>Bur·</strong></span> 
     </span>
     <span class='ocr_line' id='line_1_27' title="bbox 267 3324 1381 3401; baseline 0.003 -17"><span class='ocrx_word' id='word_1_165' title='bbox 267 3324 736 3401; x_wconf 76' lang='lat' dir='ltr'><strong>monauaaecuaduaodPropert.</strong></span> <span class='ocrx_word' id='word_1_166' title='bbox 748 3330 808 3391; x_wconf 85' lang='lat'><strong>111,</strong></span> <span class='ocrx_word' id='word_1_167' title='bbox 820 3328 903 3391; x_wconf 66' lang='lat' dir='ltr'><strong>aar.</strong></span> <span class='ocrx_word' id='word_1_168' title='bbox 983 3325 1078 3383; x_wconf 87' lang='lat' dir='ltr'><strong>adhuc</strong></span> <span class='ocrx_word' id='word_1_169' title='bbox 1090 3356 1103 3381; x_wconf 62' lang='lat' dir='ltr'><strong>a</strong></span> <span class='ocrx_word' id='word_1_170' title='bbox 1117 3327 1209 3386; x_wconf 82' lang='lat' dir='ltr'><strong>idaeis</strong></span> <span class='ocrx_word' id='word_1_171' title='bbox 1230 3332 1265 3399; x_wconf 94' lang='lat' dir='ltr'><strong>P,</strong></span> <span class='ocrx_word' id='word_1_172' title='bbox 1285 3330 1381 3387; x_wconf 86' lang='lat' dir='ltr'><strong>adhuc</strong></span> 
     </span>
     <span class='ocr_line' id='line_1_28' title="bbox 267 3402 1380 3479; baseline 0.004 -19"><span class='ocrx_word' id='word_1_173' title='bbox 267 3406 297 3460; x_wconf 91' lang='lat' dir='ltr'><strong>in</strong></span> <span class='ocrx_word' id='word_1_174' title='bbox 317 3403 409 3461; x_wconf 85' lang='lat' dir='ltr'><strong>idaeis</strong></span> <span class='ocrx_word' id='word_1_175' title='bbox 429 3423 457 3479; x_wconf 85' lang='lat' dir='ltr'><strong>p.</strong></span> <span class='ocrx_word' id='word_1_176' title='bbox 554 3404 602 3461; x_wconf 79' lang='grc'><strong>43.</strong></span> <span class='ocrx_word' id='word_1_177' title='bbox 623 3402 764 3460; x_wconf 58' lang='lat' dir='ltr'><strong>formasse</strong></span> <span class='ocrx_word' id='word_1_178' title='bbox 782 3405 818 3458; x_wconf 91' lang='lat' dir='ltr'><strong>P.</strong></span> <span class='ocrx_word' id='word_1_179' title='bbox 917 3403 964 3459; x_wconf 86' lang='grc'><strong>44.</strong></span> <span class='ocrx_word' id='word_1_180' title='bbox 987 3411 1086 3477; x_wconf 78' lang='lat' dir='ltr'><strong>cyatos</strong></span> <span class='ocrx_word' id='word_1_181' title='bbox 1106 3406 1164 3461; x_wconf 73' lang='grc' dir='ltr'><strong>ΡΒ.</strong></span> <span class='ocrx_word' id='word_1_182' title='bbox 1249 3408 1380 3465; x_wconf 86' lang='lat' dir='ltr'><strong>aeciam</strong></span> 
     </span>
     <span class='ocr_line' id='line_1_29' title="bbox 268 3478 1380 3559; baseline 0.004 -22"><span class='ocrx_word' id='word_1_183' title='bbox 268 3480 331 3555; x_wconf 82' lang='lat' dir='ltr'><strong>(uel</strong></span> <span class='ocrx_word' id='word_1_184' title='bbox 349 3490 399 3537; x_wconf 90' lang='lat' dir='ltr'><strong>aut</strong></span> <span class='ocrx_word' id='word_1_185' title='bbox 418 3480 489 3551; x_wconf 88' lang='lat' dir='ltr'><strong>iam)</strong></span> <span class='ocrx_word' id='word_1_186' title='bbox 514 3481 602 3538; x_wconf 85' lang='lat' dir='ltr'><strong>libato</strong></span> <span class='ocrx_word' id='word_1_187' title='bbox 622 3489 738 3537; x_wconf 88' lang='lat' dir='ltr'><strong>nectare</strong></span> <span class='ocrx_word' id='word_1_188' title='bbox 760 3478 881 3536; x_wconf 85' lang='lat' dir='ltr'><strong>tendens</strong></span> <span class='ocrx_word' id='word_1_189' title='bbox 902 3481 1047 3554; x_wconf 78' lang='lat' dir='ltr'><strong>Ruperti,</strong></span> <span class='ocrx_word' id='word_1_190' title='bbox 1072 3490 1101 3538; x_wconf 88' lang='lat' dir='ltr'><strong>et</strong></span> <span class='ocrx_word' id='word_1_191' title='bbox 1120 3500 1177 3537; x_wconf 92' lang='lat' dir='ltr'><strong>non</strong></span> <span class='ocrx_word' id='word_1_192' title='bbox 1190 3512 1229 3523; x_wconf 87' lang='lat'><em>-</em></span> <span class='ocrx_word' id='word_1_193' title='bbox 1242 3492 1380 3559; x_wconf 81' lang='lat' dir='ltr'><strong>torquens</strong></span> 
     </span>
     <span class='ocr_line' id='line_1_30' title="bbox 267 3554 1381 3635; baseline 0.003 -20"><span class='ocrx_word' id='word_1_194' title='bbox 267 3558 317 3615; x_wconf 81' lang='lat' dir='ltr'><strong>oct</strong></span> <span class='ocrx_word' id='word_1_195' title='bbox 329 3556 433 3614; x_wconf 84' lang='lat' dir='ltr'><strong>tollens</strong></span> <span class='ocrx_word' id='word_1_196' title='bbox 447 3558 597 3615; x_wconf 65' lang='lat' dir='ltr'><strong>&amp;anama</strong></span> <span class='ocrx_word' id='word_1_197' title='bbox 606 3554 643 3613; x_wconf 81' lang='lat' dir='ltr'><strong>od</strong></span> <span class='ocrx_word' id='word_1_198' title='bbox 653 3554 742 3613; x_wconf 68' lang='lat' dir='ltr'><strong>octat.</strong></span> <span class='ocrx_word' id='word_1_199' title='bbox 750 3556 854 3629; x_wconf 71' lang='lat' dir='ltr'><strong>paldo.</strong></span> <span class='ocrx_word' id='word_1_200' title='bbox 869 3574 993 3633; x_wconf 87' lang='lat' dir='ltr'><strong>porgens</strong></span> <span class='ocrx_word' id='word_1_201' title='bbox 1005 3559 1126 3615; x_wconf 73' lang='lat' dir='ltr'><strong>Baiocas</strong></span> <span class='ocrx_word' id='word_1_202' title='bbox 1136 3556 1175 3615; x_wconf 83' lang='lat' dir='ltr'><strong>od</strong></span> <span class='ocrx_word' id='word_1_203' title='bbox 1188 3560 1245 3616; x_wconf 80' lang='lat' dir='ltr'><strong>Cio.</strong></span> <span class='ocrx_word' id='word_1_204' title='bbox 1258 3580 1287 3635; x_wconf 87' lang='lat' dir='ltr'><strong>p.</strong></span> <span class='ocrx_word' id='word_1_205' title='bbox 1302 3560 1381 3618; x_wconf 74' lang='lat' dir='ltr'><strong>nott.</strong></span> 
     </span>
     <span class='ocr_line' id='line_1_31' title="bbox 266 3631 1381 3713; baseline 0.002 -22"><span class='ocrx_word' id='word_1_206' title='bbox 266 3655 295 3711; x_wconf 88' lang='lat' dir='ltr'><strong>p.</strong></span> <span class='ocrx_word' id='word_1_207' title='bbox 303 3637 342 3692; x_wconf 83' lang='lat'><strong>37</strong></span> <span class='ocrx_word' id='word_1_208' title='bbox 352 3632 391 3704; x_wconf 74' lang='lat' dir='ltr'><strong>of.</strong></span> <span class='ocrx_word' id='word_1_209' title='bbox 404 3638 508 3710; x_wconf 71' lang='lat' dir='ltr'><strong>pata.</strong></span> <span class='ocrx_word' id='word_1_210' title='bbox 587 3635 635 3691; x_wconf 88' lang='grc'><strong>45.</strong></span> <span class='ocrx_word' id='word_1_211' title='bbox 657 3631 791 3689; x_wconf 85' lang='lat' dir='ltr'><strong>bracchia</strong></span> <span class='ocrx_word' id='word_1_212' title='bbox 811 3636 846 3689; x_wconf 88' lang='lat' dir='ltr'><strong>P.</strong></span> <span class='ocrx_word' id='word_1_213' title='bbox 924 3634 1029 3708; x_wconf 71' lang='lat' dir='ltr'><strong>aoaqq.</strong></span> <span class='ocrx_word' id='word_1_214' title='bbox 1045 3634 1381 3713; x_wconf 76' lang='lat' dir='ltr'><strong>nec—pondereaoltol.</strong></span> 
     </span>
     <span class='ocr_line' id='line_1_32' title="bbox 267 3709 1381 3787; baseline 0.003 -18"><span class='ocrx_word' id='word_1_215' title='bbox 267 3715 349 3769; x_wconf 68' lang='lat' dir='ltr'><strong>siat.</strong></span> <span class='ocrx_word' id='word_1_216' title='bbox 362 3709 447 3768; x_wconf 67' lang='lat' dir='ltr'><strong>niet.</strong></span> <span class='ocrx_word' id='word_1_217' title='bbox 461 3714 494 3780; x_wconf 89' lang='lat' dir='ltr'><strong>V,</strong></span> <span class='ocrx_word' id='word_1_218' title='bbox 503 3712 571 3769; x_wconf 87' lang='grc'><strong>440.</strong></span> <span class='ocrx_word' id='word_1_219' title='bbox 679 3710 768 3783; x_wconf 80' lang='lat' dir='ltr'><strong>48aq.</strong></span> <span class='ocrx_word' id='word_1_220' title='bbox 788 3709 994 3766; x_wconf 84' lang='lat' dir='ltr'><strong>numinibus-</strong></span> <span class='ocrx_word' id='word_1_221' title='bbox 1000 3710 1133 3787; x_wconf 87' lang='lat' dir='ltr'><strong>pondere</strong></span> <span class='ocrx_word' id='word_1_222' title='bbox 1152 3713 1298 3770; x_wconf 67' lang='grc' dir='ltr'><strong>Ρνίεοίαη.</strong></span> <span class='ocrx_word' id='word_1_223' title='bbox 1313 3716 1381 3783; x_wconf 85' lang='lat' dir='ltr'><strong>Vll,</strong></span> 
     </span>
     <span class='ocr_line' id='line_1_33' title="bbox 267 3788 1380 3865; baseline 0.001 -19"><span class='ocrx_word' id='word_1_224' title='bbox 267 3794 314 3856; x_wconf 81' lang='lat'><strong>13,</strong></span> <span class='ocrx_word' id='word_1_225' title='bbox 323 3792 362 3848; x_wconf 87' lang='grc'><strong>69</strong></span> <span class='ocrx_word' id='word_1_226' title='bbox 371 3806 399 3862; x_wconf 81' lang='lat' dir='ltr'><strong>p.</strong></span> <span class='ocrx_word' id='word_1_227' title='bbox 407 3791 475 3845; x_wconf 85' lang='grc'><strong>766.</strong></span> <span class='ocrx_word' id='word_1_228' title='bbox 533 3789 727 3861; x_wconf 80' lang='lat' dir='ltr'><strong>miserumque</strong></span> <span class='ocrx_word' id='word_1_229' title='bbox 747 3788 868 3861; x_wconf 86' lang='lat' dir='ltr'><strong>urgebat</strong></span> <span class='ocrx_word' id='word_1_230' title='bbox 886 3788 1066 3843; x_wconf 71' lang='grc' dir='ltr'><strong>Ρτίεσίαπυε.</strong></span> <span class='ocrx_word' id='word_1_231' title='bbox 1132 3791 1292 3863; x_wconf 86' lang='lat' dir='ltr'><strong>urguebant</strong></span> <span class='ocrx_word' id='word_1_232' title='bbox 1311 3788 1380 3865; x_wconf 69' lang='lat' dir='ltr'><strong>Psy.</strong></span> 
     </span>
     <span class='ocr_line' id='line_1_34' title="bbox 266 3862 1380 3940; baseline 0 -16"><span class='ocrx_word' id='word_1_233' title='bbox 266 3867 314 3924; x_wconf 80' lang='grc'><strong>49.</strong></span> <span class='ocrx_word' id='word_1_234' title='bbox 335 3864 463 3921; x_wconf 89' lang='lat' dir='ltr'><strong>nondum</strong></span> <span class='ocrx_word' id='word_1_235' title='bbox 484 3864 588 3940; x_wconf 83' lang='lat' dir='ltr'><strong>aliquis</strong></span> <span class='ocrx_word' id='word_1_236' title='bbox 610 3862 725 3920; x_wconf 81' lang='lat' dir='ltr'><strong>sortitos</strong></span> <span class='ocrx_word' id='word_1_237' title='bbox 744 3880 806 3935; x_wconf 82' lang='lat' dir='ltr'><strong>pm:</strong></span> <span class='ocrx_word' id='word_1_238' title='bbox 827 3862 952 3917; x_wconf 77' lang='lat' dir='ltr'><strong>nonduin</strong></span> <span class='ocrx_word' id='word_1_239' title='bbox 973 3864 1090 3919; x_wconf 83' lang='lat' dir='ltr'><strong>sortitus</strong></span> <span class='ocrx_word' id='word_1_240' title='bbox 1100 3867 1135 3920; x_wconf 93' lang='lat' dir='ltr'><strong>P.</strong></span> <span class='ocrx_word' id='word_1_241' title='bbox 1145 3862 1276 3936; x_wconf 68' lang='lat' dir='ltr'><strong>[onaan</strong></span> <span class='ocrx_word' id='word_1_242' title='bbox 1295 3867 1380 3925; x_wconf 82' lang='lat' dir='ltr'><strong>aliua.</strong></span> 
     </span>
     <span class='ocr_line' id='line_1_35' title="bbox 266 3937 1382 4019; baseline -0.001 -19"><span class='ocrx_word' id='word_1_243' title='bbox 266 3948 314 4000; x_wconf 87' lang='grc'><strong>52.</strong></span> <span class='ocrx_word' id='word_1_244' title='bbox 336 3940 388 3998; x_wconf 83' lang='lat' dir='ltr'><strong>aed</strong></span> <span class='ocrx_word' id='word_1_245' title='bbox 410 3945 504 3998; x_wconf 87' lang='lat' dir='ltr'><strong>om.P</strong></span> <span class='ocrx_word' id='word_1_246' title='bbox 516 3939 584 3999; x_wconf 83' lang='lat' dir='ltr'><strong>odd.</strong></span> <span class='ocrx_word' id='word_1_247' title='bbox 596 3960 624 4015; x_wconf 85' lang='lat' dir='ltr'><strong>p.</strong></span> <span class='ocrx_word' id='word_1_248' title='bbox 740 3938 789 3998; x_wconf 90' lang='grc'><strong>54.</strong></span> <span class='ocrx_word' id='word_1_249' title='bbox 812 3957 869 4014; x_wconf 89' lang='lat' dir='ltr'><strong>quo</strong></span> <span class='ocrx_word' id='word_1_250' title='bbox 889 3942 917 3996; x_wconf 96' lang='lat' dir='ltr'><strong>P</strong></span> <span class='ocrx_word' id='word_1_251' title='bbox 935 3937 1082 3997; x_wconf 73' lang='lat' dir='ltr'><strong>Schmidt.-</strong></span> <span class='ocrx_word' id='word_1_252' title='bbox 1102 3940 1181 4016; x_wconf 89' lang='lat' dir='ltr'><strong>quod</strong></span> <span class='ocrx_word' id='word_1_253' title='bbox 1200 3941 1382 4019; x_wconf 74' lang='lat' dir='ltr'><strong>pabodfpota,</strong></span> 
     </span>
     <span class='ocr_line' id='line_1_36' title="bbox 265 4014 1362 4093; baseline 0.001 -18"><span class='ocrx_word' id='word_1_254' title='bbox 265 4019 322 4075; x_wconf 86' lang='lat' dir='ltr'><strong>hoc</strong></span> <span class='ocrx_word' id='word_1_255' title='bbox 341 4034 369 4085; x_wconf 89' lang='grc' dir='ltr'><strong>ς.</strong></span> <span class='ocrx_word' id='word_1_256' title='bbox 486 4021 534 4077; x_wconf 90' lang='grc'><strong>55.</strong></span> <span class='ocrx_word' id='word_1_257' title='bbox 556 4016 746 4074; x_wconf 82' lang='lat' dir='ltr'><strong>assurrexerit</strong></span> <span class='ocrx_word' id='word_1_258' title='bbox 765 4014 825 4086; x_wconf 65' lang='grc' dir='ltr'><strong>δίς.</strong></span> <span class='ocrx_word' id='word_1_259' title='bbox 948 4018 995 4074; x_wconf 85' lang='grc'><strong>57.</strong></span> <span class='ocrx_word' id='word_1_260' title='bbox 1017 4016 1100 4093; x_wconf 79' lang='lat' dir='ltr'><strong>fraga</strong></span> <span class='ocrx_word' id='word_1_261' title='bbox 1120 4014 1206 4085; x_wconf 74' lang='grc' dir='ltr'><strong>ΡΣςι</strong></span> <span class='ocrx_word' id='word_1_262' title='bbox 1228 4019 1362 4076; x_wconf 82' lang='lat' dir='ltr'><strong>sarram.</strong></span> 
     </span>
     <span class='ocr_line' id='line_1_37' title="bbox 265 4092 1380 4170; baseline -0.002 -16"><span class='ocrx_word' id='word_1_263' title='bbox 265 4100 313 4154; x_wconf 88' lang='grc'><strong>58.</strong></span> <span class='ocrx_word' id='word_1_264' title='bbox 326 4093 457 4167; x_wconf 74' lang='lat' dir='ltr'><strong>[aalma</strong></span> <span class='ocrx_word' id='word_1_265' title='bbox 470 4104 538 4151; x_wconf 85' lang='lat' dir='ltr'><strong>tum.</strong></span> <span class='ocrx_word' id='word_1_266' title='bbox 630 4097 679 4151; x_wconf 78' lang='grc'><strong>59.</strong></span> <span class='ocrx_word' id='word_1_267' title='bbox 700 4110 754 4170; x_wconf 89' lang='lat' dir='ltr'><strong>par</strong></span> <span class='ocrx_word' id='word_1_268' title='bbox 774 4092 848 4151; x_wconf 85' lang='lat' dir='ltr'><strong>adeo</strong></span> <span class='ocrx_word' id='word_1_269' title='bbox 868 4110 930 4167; x_wconf 79' lang='lat' dir='ltr'><strong>pro:</strong></span> <span class='ocrx_word' id='word_1_270' title='bbox 950 4110 996 4151; x_wconf 65' lang='lat' dir='ltr'><strong>aar</strong></span> <span class='ocrx_word' id='word_1_271' title='bbox 1016 4093 1091 4153; x_wconf 86' lang='lat' dir='ltr'><strong>adeo</strong></span> <span class='ocrx_word' id='word_1_272' title='bbox 1112 4096 1146 4167; x_wconf 90' lang='lat' dir='ltr'><strong>P,</strong></span> <span class='ocrx_word' id='word_1_273' title='bbox 1166 4094 1380 4164; x_wconf 75' lang='lat' dir='ltr'><strong>PRlllAQVE.</strong></span> 
     </span>
     <span class='ocr_line' id='line_1_38' title="bbox 267 4167 923 4247; baseline -0.005 -19"><span class='ocrx_word' id='word_1_274' title='bbox 267 4172 303 4228; x_wconf 91' lang='lat' dir='ltr'><strong>C.</strong></span> <span class='ocrx_word' id='word_1_275' title='bbox 314 4172 350 4228; x_wconf 88' lang='lat' dir='ltr'><strong>D.</strong></span> <span class='ocrx_word' id='word_1_276' title='bbox 361 4170 462 4241; x_wconf 79' lang='lat' dir='ltr'><strong>eobol,</strong></span> <span class='ocrx_word' id='word_1_277' title='bbox 484 4188 552 4228; x_wconf 86' lang='lat' dir='ltr'><strong>cara</strong></span> <span class='ocrx_word' id='word_1_278' title='bbox 572 4171 647 4230; x_wconf 85' lang='lat' dir='ltr'><strong>adeo</strong></span> <span class='ocrx_word' id='word_1_279' title='bbox 666 4188 695 4245; x_wconf 75' lang='lat' dir='ltr'><strong>p,</strong></span> <span class='ocrx_word' id='word_1_280' title='bbox 713 4188 783 4247; x_wconf 86' lang='lat' dir='ltr'><strong>pars</strong></span> <span class='ocrx_word' id='word_1_281' title='bbox 805 4168 879 4227; x_wconf 90' lang='lat' dir='ltr'><strong>adeo</strong></span> <span class='ocrx_word' id='word_1_282' title='bbox 900 4167 923 4240; x_wconf 74' lang='lat' dir='ltr'><strong>s.</strong></span> 
     </span>
    </p>
   </div>
   <div class='ocr_carea' id='block_1_4' title="bbox 0 0 1518 4859">
    <p class='ocr_par' dir='ltr' id='par_1_12' title="bbox 0 0 1518 4859">
     <span class='ocr_line' id='line_1_39' title="bbox 0 0 1518 4859; baseline 0 0"><span class='ocrx_word' id='word_1_283' title='bbox 0 0 1518 4859; x_wconf 95' lang='lat' dir='ltr'><strong> </strong></span> 
     </span>
    </p>
   </div>
  </div>
 </body>
</html>
