3025 4859
580 362 726 419 SATVRA
742 366 777 419 X.

129 529 277 600 barbarus
300 531 411 600 Aeolio
432 554 606 623 numquam
628 531 690 600 hoc
708 534 741 600 in
765 554 894 601 carcere
916 552 1037 623 passos,

128 644 228 733 ipsum
250 642 445 735 conpedibus
468 644 520 735 qui
542 643 688 709 uinxerat
710 641 946 736 Ennosigaeum
966 680 1010 691 -

127 752 231 821 mitius
251 754 283 821 id
306 778 391 822 sane.
422 752 518 845 quid?
539 776 603 821 non
627 762 659 819 et
681 755 829 847 stigmate
852 755 982 845 dignum

128 862 279 931 credidit?
300 865 374 932 huic
396 865 563 956 quisquam
585 863 684 931 uellet
706 866 826 931 seruire
849 862 998 932 deorum!
1022 904 1064 918 -

127 974 181 1041 sed
203 975 305 1066 qualis
326 972 441 1042 rediit?
463 996 578 1066 nempe
601 998 663 1042 uua
685 998 776 1054 naue,
800 976 938 1043 cruentis
1173 987 1234 1047 185

125 1084 270 1153 fiuctibus
293 1108 331 1153 ac
353 1084 440 1151 tarda
462 1107 520 1175 per
542 1084 640 1151 densa
663 1084 820 1152 cadauera
841 1108 945 1176 prora.

125 1196 180 1263 has
204 1198 320 1264 totiens
343 1204 449 1287 optata
473 1194 579 1286 exegit
601 1193 701 1286 gloria
723 1195 858 1287 poenas!

202 1302 281 1374 “Da
303 1306 439 1396 spatium
462 1306 555 1385 uitae,
578 1303 696 1371 multos
719 1305 769 1385 da,
790 1303 938 1397 luppiter,
962 1300 1100 1373 annos!''

124 1413 296 1484 hocvrecto
318 1415 418 1496 uultu,
441 1414 544 1483 solum
565 1414 628 1481 hoc
650 1423 682 1480 et
703 1414 839 1505 pallidus
861 1425 962 1507 optas.
1078 1483 1085 1495 ,

124 1526 179 1594 sed
201 1550 299 1619 quam
321 1526 477 1594 continuis
500 1534 532 1591 et
553 1526 677 1615 quantis
699 1523 796 1617 longa
818 1535 966 1593 senectus
1173 1540 1235 1597 190

123 1635 216 1727 plena
238 1634 344 1703 malis!
367 1637 541 1705 deformem
564 1644 596 1701 et
618 1643 753 1701 taetrum
777 1643 850 1701 ante
873 1638 978 1703 omnia
1000 1636 1125 1706 uultum

125 1746 372 1839 dissimilemque
394 1748 451 1827 sui,
474 1746 649 1814 deformem
672 1768 730 1836 pro
754 1753 828 1811 cute
848 1746 966 1837 pellem

124 1857 355 1949 pendentisque
376 1880 474 1951 genos
497 1865 529 1923 et
551 1854 621 1921 talis
644 1857 750 1947 aspice
773 1878 879 1949 rugas,

124 1966 243 2059 quales,
266 1966 455 2035 umbriferos
477 1964 531 2033 ubi
553 1965 661 2057 pandit
683 1964 850 2034 Thabraca
872 1966 982 2049 saltus,

123 2078 153 2145 in
175 2076 285 2146 uetula
307 2076 420 2170 scalpit
440 2078 503 2145 iam
526 2084 627 2143 mater
649 2077 738 2143 simia
760 2076 871 2145 bucca.
1127 2162 1134 2174 ἱ
1172 2088 1233 2146 105

123 2186 260 2277 plurima
282 2197 356 2255 sunt
376 2190 529 2255 iuuenum
553 2186 741 2269 discrimina,
762 2186 925 2279 pulchrior
945 2187 998 2255 ilfe

124 2297 195 2380 hoc,
218 2306 316 2391 atque
337 2294 390 2365 ifle
413 2295 484 2377 alio,
506 2295 642 2363 multum
664 2295 714 2364 hic
737 2295 896 2365 robustior
915 2297 992 2381 ilfo;

124 2432 186 2476 una
208 2430 324 2475 senum
345 2406 453 2488 facies,
475 2429 548 2474 cum
571 2429 653 2474 uoce
676 2408 840 2474 trementia
865 2406 1007 2474 membra

125 2527 156 2586 et
174 2519 241 2587 iarn
264 2517 336 2586 leue
359 2526 456 2609 caput
478 2517 657 2608 madidique
677 2518 808 2584 infantia
830 2517 907 2599 nasi,

122 2629 318 2724 frangendus
340 2630 456 2695 misero
478 2629 605 2719 gingiua
628 2628 718 2720 panis
739 2625 861 2693 inermi.

123 2762 224 2833 usque
249 2740 330 2807 adeo
353 2720 460 2831 grauis
482 2739 575 2806 uxori
596 2738 740 2829 natisque
762 2735 894 2828 sibique,

124 2859 159 2918 ut
179 2850 337 2943 captatori
360 2858 489 2917 moueat
510 2848 632 2915 fastidia
656 2846 770 2933 Cosso.

124 2982 187 3028 nou
210 2960 327 3028 eadem
349 2960 414 3027 uini
436 2968 531 3051 atque
554 2957 615 3027 cibi
637 2965 784 3048 torpente
807 2954 912 3049 palato

124 3071 248 3165 gaudia.
272 3092 346 3139 nam
370 3073 472 3139 coitus
492 3070 556 3137 iam
577 3066 673 3159 longa
695 3065 823 3149 obliuio,
845 3066 898 3134 uel
919 3067 946 3135 si

124 3346 189 3403 181.
211 3342 295 3401 Aelio
316 3344 350 3399 P.
475 3346 541 3401 183.
563 3337 653 3416 quid?
677 3337 776 3397 Weber
785 3342 900 3398 animoa.
911 3344 1051 3421 p.1tieq..·
1076 3340 1155 3418 quod
1174 3345 1237 3403 Pto.

125 3420 241 3495 quaudo
265 3437 301 3476 ue
321 3428 350 3476 et
370 3418 607 3477 Heinecheonim.
618 3437 646 3491 p.
654 3419 701 3475 97.
818 3419 884 3475 184.
905 3417 1028 3475 eredidit
1048 3421 1114 3485 Pto:
1133 3409 1237 3490 crede·

122 3507 164 3553 ret
182 3438 302 3573 pedib<-
434 3498 488 3555 189
502 3490 728 3571 spuriumhobet
742 3492 884 3551 Heinrich.
1019 3494 1075 3577 hoc
1095 3504 1174 3553 recto
1194 3511 1236 3552 ro:

124 3570 272 3631 hocsrecto
293 3575 328 3639 P,
349 3581 460 3629 arrecto
484 3568 907 3638 Grotiusudeo.Loe.18‚13.
996 3571 1053 3642 hoc
1072 3570 1238 3638 altumcae-

124 3648 180 3705 forn
209 3651 325 3706 intuens
349 3666 437 3704 sonus
464 3648 519 3705 hoc
543 3658 572 3706 et
591 3646 718 3724 pallidus
738 3654 824 3725 optas
843 3645 869 3719 f,
898 3644 960 3716 hoc
973 3642 1054 3705 aftus'
1068 3648 1248 3725 caelumque⁸

124 3735 205 3783 tuens
231 3724 289 3782 hoc
308 3723 435 3802 pallidus
457 3734 540 3803 optas
561 3722 641 3783 codd.
656 3724 734 3781 lonii
749 3730 778 3780 ei
790 3722 982 3803 firraiioeueis,¹
996 3723 1052 3794 hoc
1063 3719 1157 3782 aftds'
1167 3717 1243 3794 riae·¹

126 3802 240 3877 tumque
257 3812 341 3859 tuens
356 3800 526 3875 hoceqoas
546 3800 633 3859 ochoi.
646 3818 674 3858 a.
760 3804 969 3877 fftf.5feetrum
991 3804 1023 3875 P.
1055 3798 1060 3807 '
1113 3794 1189 3860 aba
1208 3808 1244 3881 ες

125 3878 215 3936 anites
238 3881 278 3937 Ν.
290 3880 429 3935 Heinsius
438 3877 516 3951 upatd
527 3882 726 3935 Burnaoumem
736 3875 775 3933 ud
790 3874 872 3933 auth.
888 3878 959 3951 Lut.
971 3879 990 3936 1
998 3877 1101 3952 paru
1169 3878 1171 3882 ’
1188 3881 1192 3892 “
1210 3879 1215 3939 ἶ

126 3956 191 4015 tot.
214 3954 354 4011 thabraca
374 3953 476 4029 Pupi.-
497 3954 634 4011 tabracha
653 3952 676 4026 f,
697 3953 725 4008 Τ
728 3955 834 4013 abrasa
854 3972 899 4011 w.-
987 3944 1159 4032 198.'‘faf›'r'h
1173 3941 1238 4037 [ite.

126 4034 196 4089 199.
213 4030 382 4105 madidique
401 4048 462 4106 pau:
482 4030 658 4165 madidapqre
678 4033 713 4087 P.
878 4034 945 4087 200.
966 4031 1078 4109 mimi!
1097 4026 1155 4110 ὸς.
1181 4089 1185 4097 ,

126 4110 192 4165 202.
213 4107 356 4184 captatori
376 4124 436 4183 poi.-
457 4108 568 4184 captori
633 4146 641 4163 .
795 4115 912 4163 moueat
931 4124 993 4181 proi
1012 4102 1201 4184 moueantP·
1219 4113 1247 4185 J,

127 4183 183 4242 204
196 4201 240 4260 oq.
262 4200 485 4243 nam—neruus
499 4186 645 4243 Priscian.
654 4184 693 4254 X,
702 4186 732 4254 9,
744 4182 783 4243 54
795 4186 899 4260 p.908·
1012 4234 1018 4243 .
1072 4190 1075 4204 ¹

970 4278 993 4345 e
1064 4254 1068 4261 .
