3025 4859
282 376 361 455 210
674 383 1016 444 scuonnrnraas

368 558 441 625 212.
464 556 633 629 Asrvaror.
655 556 770 625 nobilis
792 556 957 623 senatoris.
1056 572 1198 619 noanms
1219 570 1344 618 sama.
1366 548 1401 617 iol

287 678 336 739 est
358 668 463 737 diuitis
486 677 596 737 mater.
671 678 803 761 aparte
825 673 935 748 totum,
957 663 989 731 id
1012 672 1061 730 est
1082 670 1255 729 matronae.
1320 660 1404 729 item

286 804 428 851 nonnius
451 770 571 860 mirso,
594 788 695 849 mater
718 778 861 847 [ausilias.

371 892 443 960 213.
474 914 720 959 susurronum
741 890 839 983 nigris
861 887 1003 955 uestibus
1025 887 1181 978 lugentes.
1304 907 1403 953 vana-

264 1022 389 1075 trsorus
413 1026 574 1071 esseron.
597 999 668 1069 lites
692 1002 760 1068 siue
781 1000 905 1067 iudicia.

372 1114 446 1181 214.
469 1136 539 1181 rvu
563 1134 706 1181 osuruvs
728 1134 827 1179 ossus
850 1110 950 1198 [rvuc
974 1132 1092 1179 onruvs
1114 1108 1238 1197 rousul.
1268 1108 1406 1177 nonin·

290 1224 441 1295 candiunt
466 1222 550 1291 lares
576 1224 676 1291 nostri
704 1228 761 1289 aut
787 1242 864 1311 prae
893 1221 1016 1287 tristitia
1045 1228 1101 1287 aut
1129 1226 1261 1311 propter
1283 1241 1405 1299 casum,

289 1357 350 1405 nec
373 1336 480 1403 locum
508 1336 540 1403 in
570 1334 666 1403 domo
689 1340 798 1399 nostra
820 1330 887 1398 lieri
908 1332 1055 1423 patimur,
1085 1331 1172 1423 quod
1202 1338 1236 1397 et
1255 1330 1405 1423 lugentes

292 1446 464 1517 obseruare
487 1443 599 1513 solent.

252 1574 279 1619 so
376 1558 449 1626 215.
471 1575 624 1625 usauoas
647 1576 765 1623 nossa.
793 1553 826 1621 id
849 1561 907 1636 est,
929 1552 1016 1622 diuiti
1038 1574 1149 1621 omnes
1172 1554 1350 1625 conterunt

372 1670 446 1737 216.
470 1689 608 1737 canoros
632 1687 734 1731 smus.
758 1673 879 1731 statuas
898 1686 1102 1731 marmoreas.

372 1782 445 1849 217.
468 1776 698 1846 Evaunssonrs
721 1798 765 1841 ar
788 1775 988 1875 Ponvcnrrr.
1021 1774 1232 1843 Athenienses
1260 1772 1403 1843 caelato-

289 1914 342 1961 res
357 1892 494 1959 luerunt.

373 2001 447 2067 218.
467 2022 553 2068 issac
576 1998 776 2067 Asianoavu.
799 1998 1017 2086 superstitiose
1038 2006 1168 2089 gentem
1189 1995 1376 2064 nominauit.

252 2124 279 2169 Β
374 2110 448 2177 219.
472 2134 514 2179 nr
536 2130 688 2177 ronanus.
713 2106 879 2173 armeniam
901 2108 971 2173 siue
991 2105 1225 2175 bibliothecam.

373 2222 447 2289 221.
470 2218 643 2287 Pensrovs.
666 2216 832 2284 Persicum
854 2217 945 2307 quasi
965 2216 1095 2284 diuitem
1116 2219 1232 2309 posuit,
1254 2216 1405 2309 eoquod

287 2330 407 2401 Persae
430 2331 553 2400 diuites.
576 2328 631 2395 Sic
654 2326 807 2395 Horatius
829 2327 870 2415 [o.
883 2326 904 2408 l,
914 2328 966 2407 38,
980 2330 1030 2417 ¹l²
1048 2324 1193 2397 ‘Persico
1215 2322 1311 2397 sosii.³
1337 2325 1404 2395 Te·

287 2442 408 2512 renbus
432 2440 494 2530 [ad.
509 2438 548 2520 V,
558 2444 589 2522 7,
602 2440 671 2529 ¹7l²
688 2434 884 2506 ‘dinumeret
904 2462 990 2507 nano
1011 2438 1066 2507 ille
1086 2434 1298 2529 Babyloniae.²

373 2550 446 2618 222.
471 2573 666 2619 incaussate
689 2573 799 2617 sanes.
828 2549 901 2617 ideo
923 2552 1072 2641 suspicati
1095 2560 1170 2618 sunt
1191 2549 1274 2617 ultro
1297 2551 1405 2642 ipsum

249 2661 495 2735 msuooendisse
517 2662 650 2730 domurn
672 2682 773 2740 suam,
800 2661 951 2751 quoniam
980 2660 1111 2729 meliora
1138 2668 1172 2729 et
1197 2660 1353 2753 ampliora
1375 2663 1406 2729 ei

289 2773 405 2847 collata
427 2783 510 2843 srurt.

372 2872 446 2951 226.
480 2900 653 2949 noarvnvs
677 2904 732 2951 nro
756 2882 842 2971 [224.
866 2882 1117 2975 Frsasrsannl.
1154 2882 1323 2952 ciuitatum
1342 2905 1404 2955 no-

288 2997 373 3071 mina
395 2991 603 3081 Campaniae.
1112 3027 1116 3032 -

371 3088 446 3171 227.
469 3124 676 3172 nsrvnnrrvs
699 3128 839 3173 asrsrv.
866 3104 1073 3174 influentem
1097 3130 1221 3199 aquam.

250 3224 279 3269 ²⁵
373 3214 448 3283 228.
471 3234 599 3282 vnrcvs
621 3236 730 3284 nonas.
754 3222 872 3283 terram
894 3216 1013 3285 colens.

287 3468 316 3523 2.
337 3471 386 3524 aut
407 3482 424 3523 a
444 3472 528 3545 parte
547 3483 573 3522 s.
719 3469 748 3522 6.
764 3457 837 3522 ‘son
857 3462 982 3522 taosadii
1001 3462 1052 3524 ssd
1072 3464 1144 3523 loris
1163 3466 1258 3524 nostri
1277 3472 1312 3524 st
1331 3484 1403 3543 pres

285 3542 493 3601 moesticiam
515 3540 612 3615 forum
636 3540 748 3618 quidem
769 3539 846 3616 opud
867 3560 919 3599 nos
938 3541 1051 3600 iacendi
1069 3545 1226 3619 potiamur.
1250 3542 1304 3601 boo
1322 3546 1401 3601 ssim

287 3616 367 3693 apud
385 3618 519 3711 lupsntss,
545 3624 589 3677 uit
608 3616 730 3687 Probus,
756 3617 943 3676 obseruatum
967 3626 1000 3676 ut
1026 3620 1118 3695 ignem
1144 3639 1203 3678 sson
1229 3627 1400 3697 pausentur

286 3694 407 3753 iacendi.
440 3698 474 3753 V.
586 3716 643 3753 non
664 3694 827 3751 incendium
848 3694 916 3752 laris
937 3696 1027 3752 nostri
1049 3716 1077 3771 p.
1097 3716 1154 3753 non
1175 3700 1212 3753 ob
1233 3696 1400 3755 incendium

284 3771 353 3829 laris
375 3772 463 3829 nostri
484 3770 813 3847 Rememoramini,
829 3776 875 3829 16.
902 3790 959 3828 non
980 3774 1017 3829 ob
1037 3774 1200 3831 incendium
1221 3773 1289 3831 laris
1309 3780 1400 3831 Astu·

285 3848 337 3905 rici
356 3844 589 3921 Sobartzllstsob.
611 3868 666 3907 non
687 3848 890 3906 incandiuotur
909 3850 985 3907 lares
1005 3852 1096 3907 nostri
1115 3870 1139 3909 o.
1220 3855 1250 3910 7.
1270 3860 1301 3907 at
1320 3855 1400 3909 Rut-

282 3942 358 3999 nors.
378 3924 432 3983 sed
451 3922 682 3997 Sobartzflsisolt.
704 3936 778 3982 ets.
895 3945 949 4003 pro
970 3928 1027 3983 PS.
1049 3945 1123 3985 corr.
1143 3946 1171 4004 p.
1269 3936 1320 3986 aut
1340 3927 1399 3986 det.

282 4004 421 4077 Butosrs.
441 4020 506 4059 eum
527 3998 756 4074 Saburtzlletsob.
860 4007 908 4061 14.
930 4004 1157 4081 superstitiosam
1177 4013 1291 4081 gentem
1312 4016 1399 4063 nota·

282 4078 324 4135 uit
343 4096 369 4136 s.
448 4082 495 4137 15.
517 4080 667 4137 asinarium
687 4097 713 4136 s.
791 4082 839 4137 16.
861 4099 896 4137 eo
917 4080 1000 4156 quasi
1019 4082 1206 4158 PS.oorr.p.
1264 4085 1311 4140 17.
1323 4081 1397 4141 Per·

280 4154 357 4291 {lgm
378 4154 428 4215 odi
447 4158 520 4214 lior.
597 4159 644 4215 18.
664 4154 779 4233 Babylo
798 4156 855 4215 XX
873 4156 966 4215 minas
989 4160 1055 4217 Ter.
1136 4162 1186 4217 20.
1206 4157 1306 4217 domui
1324 4178 1397 4219 suae

331 4272 340 4291 0
359 4248 435 4291 om·
453 4248 481 4291 Ἰ
