3025 4859
254 361 329 436 150
632 377 667 428 u.
687 376 774 428 rruu
793 373 987 428 rvvrmnnrs

252 545 421 635 progenies
443 542 625 610 stimulante
647 545 741 624 tame,
765 545 891 611 festinat
912 544 952 610 ad
974 543 1070 624 iilam,

252 677 347 745 quam
371 655 507 744 primurn
529 654 681 743 praedam
704 664 797 745 rupto
822 662 1006 747 gustauerat
1029 675 1101 720 ouo.
1321 665 1361 722 85

336 763 528 831 Aedificator
551 773 619 830 erat
641 764 821 846 Cretonius,
845 774 876 831 et
898 764 993 831 modo
1013 787 1112 832 curuo

252 874 345 940 litore
369 874 508 953 Caietae,
532 897 655 940 summa
678 899 764 942 nunc
786 875 911 942 Tiburis
936 896 1019 955 aree,

252 1009 338 1052 nune
360 985 572 1052 Praenestinis
594 985 626 1052 in
648 984 808 1052 montibus
831 985 893 1052 alta
917 983 1049 1075 parabat

254 1096 391 1163 eulmina
414 1096 560 1163 uillarum
584 1095 715 1162 Graecis
737 1095 896 1187 longeque
919 1096 1023 1186 petitis

255 1207 464 1273 marmoribus
487 1207 618 1274 uincens
641 1205 801 1272 Fortunae
825 1215 919 1296 atque
943 1203 1090 1272 Herculis
1113 1208 1234 1290 aedem,
1322 1227 1364 1282 90

254 1326 290 1382 nt
312 1317 411 1406 spado
434 1315 583 1383 uincebat
604 1315 762 1408 Capitolia
784 1324 892 1383 nostra
915 1314 1056 1382 Posides.

255 1427 330 1494 dum
352 1427 398 1493 sic
422 1450 498 1519 ergo
521 1425 641 1492 habitat
664 1425 843 1507 Cretonius,
865 1426 1010 1493 inminuit
1030 1449 1107 1508 rens,

254 1539 348 1628 fregit
369 1560 462 1628 opes3
485 1560 545 1604 nec
567 1559 666 1628 parua
688 1546 795 1602 tamen
818 1559 965 1602 mensura
987 1535 1115 1604 relictae

254 1650 352 1738 partis
376 1656 457 1714 erat:
481 1656 581 1714 totam
603 1647 685 1714 hane
708 1648 848 1714 turbauit
870 1646 951 1712 filius
975 1669 1093 1728 amens,

255 1759 330 1826 dum
354 1759 486 1826 metiore
507 1782 608 1826 nouas
631 1757 745 1824 attollit
767 1779 925 1824 marmore
946 1756 1044 1823 uittas.

340 1868 477 1952 Quidam
500 1871 600 1935 sortiti
622 1877 816 1936 metuentem
840 1866 969 1934 sabbata
992 1876 1115 1958 patrem

255 1979 298 2046 nil
320 1988 446 2069 praetor
467 1978 569 2046 nubes
592 1989 624 2045 et
646 1978 726 2046 caeli
748 2001 866 2044 numen
889 1977 1031 2058 adorant,

254 2115 316 2158 nee
338 2091 453 2157 distare
476 2099 588 2180 putant
608 2089 745 2156 humana
769 2111 863 2156 carne
886 2088 1019 2168 suillam,

256 2223 318 2291 qua
341 2208 431 2291 pater
453 2201 609 2282 abstinuit,
632 2222 710 2267 mox
731 2208 765 2266 et
787 2203 949 2290 praeputia
973 2210 1101 2291 ponunt.

255 2310 416 2377 Romanas
439 2320 546 2378 autem
568 2310 651 2378 soliti
674 2319 878 2378 contemnere
899 2309 987 2402 leges

254 2419 416 2488 ludaieum
439 2422 583 2488 ediscunt
604 2431 637 2488 et
658 2429 787 2486 seruant
809 2444 847 2488 ae
870 2429 1015 2488 metuunt
1036 2423 1094 2502 ius,

257 2533 383 2599 tradidit
405 2555 521 2599 arcano
544 2532 768 2621 quodcumque
792 2531 952 2598 uolumine
976 2531 1113 2622 Moyses,

255 2665 321 2710 non
343 2652 519 2709 monstrare
542 2642 608 2708 uias
632 2642 743 2708 eadem
766 2643 824 2708 nisi
848 2665 937 2709 sacra
961 2641 1086 2724 colenti,

257 2755 436 2846 quaesitum
459 2754 499 2820 ad
521 2755 641 2820 iontem
665 2752 751 2819 solos
774 2753 932 2820 deducere
954 2776 1079 2845 uerpos.

257 2864 314 2931 sed
336 2872 426 2955 pater
448 2867 479 2929 in
503 2885 608 2943 causa,
631 2864 681 2930 cui
703 2865 836 2952 septima
860 2887 1005 2954 quaeque
1027 2867 1085 2932 fuit
1106 2865 1163 2932 lux
1303 2879 1363 2936 105

256 2977 370 3067 ignaua
393 2983 426 3039 et
447 2983 570 3064 partem
593 2975 677 3039 uitae
698 2995 763 3039 non
785 2975 887 3066 attigit
909 2974 1015 3044 ullam.

340 3083 463 3174 Sponte
485 3092 590 3150 tamen
611 3086 744 3150 iuuenes
766 3085 926 3153 imitantur
949 3097 1063 3168 cetera,
1087 3087 1189 3156 solam

256 3195 347 3261 inuiti
368 3218 496 3288 quoque
519 3195 682 3260 auaritiam
706 3217 858 3262 exercere
880 3195 1036 3266 iubentur.

257 3531 304 3585 86.
332 3527 484 3584 Cretonius
511 3531 550 3584 P.-
584 3527 751 3585 Cretronius
775 3549 811 3605 n,
845 3529 997 3588 Cerronius
1024 3549 1063 3600 ru,
1099 3533 1272 3592 Centronins
1300 3551 1327 3602 ς.

256 3609 304 3661 st.
325 3603 446 3660 Posides
466 3621 527 3679 pru:
547 3603 685 3663 Possides
706 3609 756 3680 Sy,
776 3607 930 3683 possidens
951 3611 986 3666 P.
1103 3615 1150 3668 92.
1173 3611 1311 3668 Ceronius
1333 3615 1367 3681 P,

257 3681 411 3737 Cretonius
430 3699 485 3755 pra.
584 3687 622 3740 07
635 3681 723 3740 seirat.
735 3687 980 3751 Lucanilhotti.
1061 3686 1118 3742 ciiii
1138 3692 1177 3744 1s.
1197 3689 1369 3748 Vossiusod

256 3761 357 3832 Pomp.
372 3757 443 3814 Met.
456 3761 518 3826 1,8,
530 3764 575 3816 17.
601 3761 645 3816 St.
657 3759 682 3815 te
695 3764 801 3831 Manno
815 3761 893 3838 arrad
909 3765 1064 3821 Groeuiunr
1078 3763 1115 3821 ud
1129 3764 1206 3822 Flor.
1218 3768 1367 3836 rrr‚5,30.

256 3853 319 3909 eun.
331 3838 400 3892 1111
408 3838 501 3909 ,1512
514 3843 542 3892 et
556 3838 658 3911 usto.
806 3858 908 3896 nornen
928 3839 1017 3898 seirat.
1032 3843 1155 3908 Lucani,
1166 3841 1272 3898 Meods
1284 3843 1365 3918 prod.

257 3911 389 3968 Beuum
401 3912 502 3986 (elusa.
512 3912 613 3986 journ.
627 3915 655 3970 X
666 3913 833 3990 p.407sq.)‚
855 3916 949 3976 lumen
970 3917 1098 3992 Scoltyer
1108 3917 1148 3975 od
1161 3919 1268 3976 ouran.
1283 3925 1366 3993 nra.

255 3988 294 4045 od
307 3990 386 4046 Girin
395 3993 477 4064 pus.
489 3989 591 4047 nuncia.
608 3989 724 4048 trinam.
734 3995 783 4050 31.
814 3995 920 4052 Gonter
932 4011 1021 4052 noun.
1037 3994 1111 4052 teutt.
1124 3999 1142 4054 Ι
1146 3999 1179 4066 V,
1191 4000 1218 4052 2.
1235 3999 1370 4056 Lonroter

255 4064 290 4121 de
302 4065 437 4123 tustrutt.
454 4072 491 4123 10
503 4070 571 4141 1181
582 4086 624 4143 sq.
742 4073 808 4126 101.
830 4070 993 4128 iudaeiemn
1015 4075 1048 4129 P.
1149 4072 1276 4148 Seuiiyer
1289 4073 1370 4151 apud

256 4141 406 4199 Pittacum
419 4151 488 4201 onte
499 4148 549 4201 101
563 4143 719 4219 nuntiabat
733 4150 788 4204 103
798 4153 826 4204 et
838 4150 902 4205 101.
1002 4153 1067 4208 102.
1089 4149 1207 4207 tradidit
1226 4169 1286 4227 ρωτ
1308 4161 1368 4210 tra·

256 4218 298 4274 dit
318 4222 354 4276 P.
431 4221 549 4295 Moyses
568 4224 645 4289 Ps3.
