3025 4859
611 438 757 494 sarran
775 441 812 496 x.
1188 426 1265 502 825

240 594 310 668 170.
332 625 501 681 ranvaovrr
525 627 551 672 s.
573 629 602 672 a.
626 604 748 674 insulae
771 617 936 700 angustae,
960 607 1108 677 exulibus
1130 617 1234 701 aptae.

149 705 153 716 '
240 715 309 779 171.
348 737 414 780 cvn
437 738 546 782 ranan
568 740 589 783 A
610 738 638 781 r.
676 715 878 807 Babylonem
908 716 1062 809 significat
1094 717 1264 787 Persarum

151 825 328 904 ciuitatem,
355 846 451 915 quam
474 826 614 894 condidit
642 825 753 894 urbem
776 828 976 908 Samiramis,
1003 826 1078 894 Nini
1105 850 1202 908 uxor,
1231 839 1264 896 et

152 932 257 1001 coctili
279 933 378 1000 latere
400 937 548 1016 muniuit,
576 959 672 1028 quern
694 935 789 1004 hodie
812 937 945 1004 dicimus
969 937 1163 1005 ordinarium
1182 936 1264 1028 lapi·

152 1042 236 1110 dem.
257 1043 289 1110 in
310 1042 370 1111 hac
392 1045 489 1136 igitur
510 1047 588 1114 urbe
611 1045 793 1114 Alexander
815 1069 939 1116 ueneno
962 1049 1063 1139 periit
1085 1047 1166 1115 haec
1186 1047 1262 1114 urbs
1287 1066 1300 1106 ⁶

152 1155 316 1245 sexaginta
339 1154 460 1221 milium
484 1157 615 1225 circuitu
638 1164 727 1248 patet
749 1155 809 1244 [et]
833 1156 995 1226 exlatere
1017 1159 1262 1226 coctocircum-

153 1263 226 1330 data
248 1270 296 1329 est
319 1267 430 1345 muris,
453 1289 589 1357 quorum
612 1266 743 1333 latitudo
767 1267 922 1334 ducentos
944 1268 1043 1360 pedes
1065 1267 1193 1347 detinet,
1216 1265 1261 1333 al-

152 1371 255 1440 titudo
278 1375 515 1467 quinquaginta.
613 1400 815 1445 rnrnavnnrr
838 1401 957 1444 vasen.
986 1377 1018 1445 id
1040 1385 1097 1457 est,
1119 1375 1261 1466 Babylo·

151 1504 226 1550 nem
247 1483 408 1576 ingressus
431 1493 480 1553 est
503 1487 635 1554 deuictis
657 1485 772 1554 Persis.

239 1593 308 1660 172.
346 1617 538 1665 sancoraao.
584 1621 681 1688 quem
715 1599 825 1664 uiuum
844 1596 994 1685 ,mundus
1024 1619 1089 1664 non
1121 1606 1259 1688 ceperat,
1273 1623 1300 1664 ro

148 1710 295 1771 mortuus
318 1707 434 1798 exiguo
455 1705 529 1774 loco
554 1715 721 1775 contentus
744 1716 801 1774 est

241 1814 309 1880 174.
333 1815 544 1892 oernancra
557 1841 590 1884 rr.
613 1816 744 1884 Sersem
766 1817 850 1898 dicit,
873 1815 1043 1884 Persarum
1066 1839 1185 1908 regem,
1208 1818 1263 1908 qui

154 1922 315 1990 Athonem
337 1934 478 1994 montem
506 1930 538 1996 in
561 1926 681 1994 Achaia
708 1927 822 1994 dicitur
850 1928 1029 2018 perforasse
1052 1936 1084 1994 et
1106 1927 1262 1995 inmisisse

152 2035 243 2100 terris
270 2055 391 2101 nouum
422 2061 525 2117 rnare,
556 2047 690 2130 pontum
717 2035 940 2104 contabulasse
971 2038 1122 2118 nauibuS‚
1156 2039 1260 2129 adque

145 2141 191 2210 ita
214 2145 389 2212 exercitum
410 2149 443 2212 in
464 2147 583 2216 Achaia
605 2147 813 2214 transtulisse.
1272 2175 1298 2217 rs

239 2255 308 2319 178.
336 2279 537 2324 annaneane.
565 2256 729 2324 Sostratus
752 2264 848 2348 poeta
870 2257 937 2321 tuit.
967 2254 1018 2323 hic
1040 2254 1153 2322 Xersis
1174 2259 1260 2349 regis

147 2365 231 2431 facta
254 2362 426 2432 describsit
493 2391 622 2435 urornrs
645 2375 752 2432 autem
775 2366 857 2446 ideo,
878 2367 951 2456 quia
975 2388 1096 2446 omnes,
1119 2369 1259 2457 quicum

147 2473 358 2542 sollicitudine
385 2478 538 2558 recitant,
570 2500 703 2546 necesse
733 2483 796 2557 est,
828 2472 945 2540 attali
978 2477 1024 2542 eis
1049 2475 1174 2546 sudent.
1212 2479 1258 2546 sic

149 2583 277 2651 Oratius
301 2585 338 2673 [s.
361 2585 383 2666 1,
405 2589 435 2667 9,
461 2589 529 2678 11];
557 2583 671 2655 ‘sudor
692 2586 732 2653 ad
753 2587 835 2651 imos
858 2583 1008 2650 manabat
1029 2582 1129 2652 talos?

236 2697 305 2764 179.
329 2719 486 2765 santuine
508 2721 537 2764 n.
560 2699 664 2766 uictus
686 2719 704 2764 a
728 2693 859 2762 Graecis
882 2692 972 2785 sugit
1269 2721 1297 2762 ao

237 2806 307 2872 180.
344 2829 376 2871 ru
398 2830 532 2875 cuoavn
554 2834 583 2876 a.
607 2832 635 2885 o.
659 2833 687 2875 e.
726 2804 851 2873 solebat
878 2803 1048 2872 uerberare
1071 2807 1174 2876 flatus.
1212 2807 1259 2874 sic

149 2940 224 2986 nam
247 2915 370 3008 tingunt
392 2917 507 2986 Graeci
530 2927 653 3010 poetae.
739 2937 925 2982 nonencors.
948 2925 1064 2981 uentos
1086 2916 1216 2983 scilicet

236 3027 423 3094 1821rsvu
447 3051 475 3095 c.
498 3053 527 3096 Ρ.
556 3029 721 3097 dicebatur
741 3051 817 3095 nam
838 3023 960 3092 Xerses
983 3048 1084 3116 usque
1107 3027 1187 3094 adeo
1211 3027 1258 3093 ui-

148 3139 231 3206 cisse
253 3135 410 3228 procetlas
433 3136 624 3230 Ellespont,
654 3147 690 3205 ut
717 3146 834 3204 uentos
860 3134 967 3229 flagris
993 3145 1205 3228 conpesceret
1226 3144 1258 3204 et

146 3249 252 3340 ipsum
274 3245 460 3339 Neptunum
483 3249 678 3339 conpedibus
701 3249 858 3315 uinciret.

236 3358 307 3426 182.
335 3381 389 3435 ovr
411 3379 576 3424 vrnxnnnr
598 3355 634 3424 Ε.
658 3379 688 3424 n.
711 3383 736 3425 s.
772 3357 856 3446 [183.
879 3361 1015 3448 urrrvsJ.
1047 3357 1161 3425 ironia.
1183 3356 1257 3446 quia

149 3490 214 3537 non
231 3468 354 3547 cecidit,
376 3490 416 3534 ne
438 3465 596 3535 maculam
619 3468 716 3533 terret
736 3474 831 3533 notae
854 3469 1029 3536 secundum
1051 3469 1108 3534 ius
1168 3490 1259 3533 arro·

150 3601 240 3646 uara
263 3601 297 3645 n.
317 3579 390 3669 quia
412 3597 476 3644 non
496 3576 559 3644 hoc
580 3575 706 3643 inscribi
726 3576 825 3643 iussit.

149 3874 178 3930 7.
199 3878 279 3929 tenet
297 3887 323 3927 a.
411 3872 457 3925 11.
478 3865 575 3924 loculo
595 3863 824 3941 Sohurtsilciosh.
911 3870 956 3924 13.
977 3865 1259 3926 Athon—Thracia

152 3951 299 4008 Burmann
326 3943 365 4004 ad
390 3943 471 4003 untia.
493 3946 561 4001 Lot.
583 3948 609 4003 1.
630 3963 658 4020 p.
673 3948 738 4003 193.
856 3947 903 4004 15.
924 3943 1079 4001 'thraciam
1103 3947 1259 4004 Burmann.

152 4029 198 4082 18.
221 4035 252 4080 ut
277 4023 327 4080 tali
353 4022 414 4080 eius
435 4025 467 4078 S.
501 4031 531 4078 ut
557 4022 614 4078 tate
639 4023 700 4080 eins
721 4026 755 4080 Ρ.
784 4021 904 4079 atalae
930 4021 991 4078 eius
1011 4039 1040 4097 p.
1073 4029 1103 4076 ut
1128 4021 1193 4078 atae
1217 4023 1259 4080 eis

147 4100 336 4160 Sohrsaettua·
396 4103 443 4156 21.
464 4097 561 4174 flagris
578 4117 601 4158 a.
660 4103 707 4158 22.
731 4110 816 4155 uento
836 4101 1015 4156 PS.oorr.u.
1076 4099 1124 4152 23.
1146 4098 1260 4156 dicebat

150 4181 209 4238 Ps.
230 4194 305 4236 corr.
327 4172 559 4247 Sohurtztieisob.
638 4181 685 4234 24.
708 4176 813 4234 uicisse
833 4195 864 4234 se
883 4193 915 4253 p.
991 4177 1040 4232 27.
1060 4174 1219 4251 interretp.

149 4259 197 4314 28.
219 4255 291 4332 quia
307 4272 340 4312 os
359 4271 417 4310 non
436 4253 553 4311 inscribi
575 4255 606 4312 0.
626 4252 728 4313 Barth.
1009 4283 1013 4288 ·
1037 4283 1054 4290 -
