3025 4859
263 394 337 469 130
639 409 673 460 n.
693 407 781 460 rvun
800 407 996 460 rvvnururs

263 575 319 643 sed
341 570 453 666 procul
476 581 644 641 extensum
666 574 813 664 petulans
835 575 937 665 quatit
957 572 1060 639 hostia
1081 574 1190 640 funem
1354 586 1373 641 5

261 683 398 775 Tarpeio
422 691 548 749 seruata
569 680 636 750 Ioui
659 686 863 776 frontemque
884 690 1041 762 coruscat,

262 796 378 884 quippe
401 793 493 859 lerox
515 794 632 861 uitulus
655 792 782 884 templis
804 803 946 861 maturus
969 802 1002 859 et
1023 816 1106 873 arae,

262 902 525 995 spargendusque
547 926 647 984 mero,
670 926 767 993 quern
789 904 852 969 iam
874 904 975 994 pudet
994 900 1095 969 ubera
1117 904 1226 969 matris

262 1012 390 1093 ducere,
413 1013 466 1103 qui
488 1021 586 1077 uexat
607 1014 750 1079 nascenti
771 1010 887 1079 robora
909 1035 1019 1079 cornu.

262 1124 289 1189 si
309 1144 362 1187 res
384 1121 488 1213 ampla
511 1122 596 1188 domi
619 1120 791 1213 similisque
814 1122 991 1190 adfectibus
1014 1133 1108 1205 esset,
1335 1137 1374 1189 1ο

263 1232 409 1323 pinguior
431 1230 576 1323 Hispulla
599 1232 779 1300 traheretur
800 1240 909 1298 taurus
930 1234 1053 1325 etipsa

261 1342 347 1409 mole
368 1343 458 1434 piger
480 1365 540 1409 nec
562 1341 690 1409 finitima
713 1344 850 1407 nutritus
872 1343 904 1407 in
926 1340 1034 1421 herba,

259 1452 343 1519 laeta
365 1461 415 1520 set
436 1451 606 1519 ostendens
628 1450 780 1519 Clitumni
802 1474 930 1543 pascua,
951 1454 1080 1544 sanguis

261 1564 322 1630 iret
344 1572 376 1629 et
398 1586 416 1629 a
438 1562 550 1655 grandi
572 1564 682 1629 ceruix
704 1563 846 1629 ferienda
866 1561 1019 1642 ministro,

260 1674 307 1745 ob
323 1675 461 1741 reditum
483 1672 667 1763 trepidantis
690 1671 792 1739 adhuc
814 1672 1033 1763 horrendaque
1054 1675 1140 1763 passi
1333 1686 1373 1741 15

260 1808 362 1876 nuper
385 1792 417 1850 et
438 1780 630 1849 incolumem
653 1804 724 1849 sese
747 1783 888 1849 mirantis
911 1783 1013 1848 amici.

259 1918 334 1961 narn
356 1902 481 1985 praeter
502 1890 609 1984 pelugi
629 1914 723 1958 casus
745 1900 778 1958 et
799 1890 937 1959 fulminis
958 1892 1041 1957 ictus

261 2004 370 2071 euasit.
405 2002 522 2069 densae
544 2002 669 2069 caelum
691 2000 887 2069 abscondere
908 2001 1059 2068 tenebrae

260 2112 344 2180 nube
367 2134 428 2179 una
452 2109 637 2203 subitusque
660 2121 824 2178 antemnas
845 2111 958 2201 inpulit
978 2112 1068 2203 ignis.

259 2246 333 2289 curn
355 2244 391 2287 se
412 2221 547 2311 quisque
567 2219 622 2287 illo
645 2244 834 2311 percussum
856 2220 1002 2287 crederet
1024 2228 1056 2286 et
1078 2244 1155 2287 mox
1328 2238 1370 2291 20

259 2332 410 2397 attonitus
434 2328 556 2396 nullum
577 2331 714 2398 conferri
735 2353 832 2421 posse
853 2338 981 2422 putaret

257 2441 458 2532 naufragium
480 2439 559 2506 uelis
581 2438 773 2520 ardentibus,
797 2442 902 2507 omnia
924 2438 1003 2506 siunt

257 2550 341 2631 talia,
365 2558 430 2617 tam
452 2551 601 2642 grauiter,
623 2572 718 2639 quarn
740 2549 868 2641 quando
891 2550 1017 2640 poetica
1039 2554 1139 2645 surgit
1234 2616 1237 2623 ,

256 2666 439 2750 tempestas.
473 2681 574 2751 genus
596 2678 672 2724 ecce
694 2658 780 2725 aliud
803 2657 988 2726 discriminis
1010 2662 1083 2728 audi

257 2779 290 2837 et
312 2771 463 2836 miserere
483 2770 607 2847 iterum,
631 2790 824 2860 quamquam
847 2769 907 2833 sint
929 2776 1035 2837 cetera
1058 2777 1152 2841 sortis
1325 2794 1365 2847 25

255 2880 398 2949 eiusdem
419 2900 492 2970 pars
515 2876 579 2943 dira
602 2876 740 2968 quidem,
763 2876 820 2943 sed
843 2880 970 2968 cognita
991 2880 1098 2949 multis
1128 2907 1134 2919 ·

253 2999 287 3057 et
308 3010 404 3081 quam
424 2986 534 3055 uotiua
557 2993 712 3053 testantur
733 2988 806 3053 lana
829 2985 945 3054 tabella

252 3098 402 3191 plurima:
424 3097 563 3188 pictores
585 3096 655 3188 quis
677 3098 780 3164 nescit
801 3094 841 3163 ab
863 3094 943 3164 lside
965 3100 1080 3191 pasci?

251 3368 269 3425 5
281 3364 400 3423 Secutus
411 3358 450 3418 ud
465 3362 547 3433 Verp.
557 3358 631 3418 Aoo.
642 3362 703 3430 ΠΙ,
715 3362 772 3417 234
780 3360 870 3432 septb.
880 3365 1135 3499 venenatam.
1214 3376 1241 3431 8,
1255 3378 1274 3431 9
1286 3392 1359 3451 φη.

249 3438 435 3500 riosiudtoot
449 3434 545 3493 Vullu.
644 3454 847 3494 uem-eornu
868 3441 1019 3499 Matura
1053 3447 1134 3519 Verp.
1145 3445 1218 3505 Aea
1230 3453 1357 3519 rx,628.

251 3520 341 3575 ubera
357 3514 455 3571 matris
476 3530 530 3569 om.
542 3515 569 3569 P
587 3454 653 3569 add.
667 3532 696 3589 p.
838 3522 867 3573 o.
888 3517 1075 3590 qui—cornu
1096 3524 1266 3583 Seruiusud
1277 3530 1357 3605 Verp.

250 3595 322 3651 Aoo.
334 3595 396 3661 111,
406 3594 453 3647 21.
543 3594 588 3647 11.
611 3589 735 3667 Hispilln
755 3595 798 3648 Is.
812 3594 937 3649 Vossius
948 3592 986 3650 ud
1003 3596 1110 3654 Gutrrll.
1120 3604 1203 3673 pto,
1224 3602 1357 3682 Hispella

252 3668 384 3727 Donnolu
394 3665 427 3723 do
436 3668 537 3743 patrio
547 3668 705 3743 Propertii,
723 3666 873 3724 Glrruortus
883 3668 950 3726 net.
962 3678 1026 3728 ont.
1037 3676 1073 3731 Π
1080 3692 1109 3748 ρ.
1120 3680 1186 3744 628,
1195 3680 1357 3753 Moutlou-

248 3746 391 3804 condior.
405 3742 584 3818 scalpam.
684 3748 730 3803 13.
752 3742 845 3801 laetas
865 3753 894 3802 et
913 3748 949 3816 P,
970 3746 1063 3805 laetus
1083 3750 1155 3823 etf.
1237 3776 1289 3813 san
1319 3761 1355 3815 ris

246 3823 426 3898 -magistro
439 3818 608 3876 Seruiueurl
624 3820 962 3895 Vorp.Aoo.Vlll,106.
1042 3828 1089 3883 14.
1111 3846 1128 3884 a
1149 3776 1353 3911 onul’uddlp.

246 3896 536 3977 magno-magistro
557 3897 686 3953 Scrutrrs.
770 3901 806 3953 17
817 3915 879 3973 sqq.
898 3907 974 3956 recto
983 3905 1141 3961 constituit
1150 3907 1277 3984 Moduip
1287 3930 1353 3987 opp.

244 3980 279 4036 11
290 3980 450 4055 p.171oqq.
508 3970 636 4029 fulminis
656 3975 729 4029 ictus
750 3975 835 4030 nso.-
854 3974 975 4050 l'ulguris
996 3979 1081 4035 ictum
1102 3999 1137 4037 ro.
1217 3990 1263 4044 18,
1278 4006 1351 4045 cua.

244 4054 281 4110 sit
300 4052 378 4125 va:
397 4048 477 4108 euasi
499 4066 534 4105 ω.
663 4054 711 4107 23.
732 4051 859 4124 grauiter
879 4070 964 4125 qnam
986 4055 1103 4129 quando
1123 4058 1352 4133 Saburzlloisob:

242 4133 368 4207 grauiter
388 4124 504 4203 quando
521 4123 582 4183 cod.
597 4128 797 4193 l'imurisnsts,
816 4128 944 4202 grauiter
964 4132 989 4186 si
1009 4132 1126 4206 quando
1145 4138 1230 4207 Pseu,
1251 4142 1351 4214 grauis

240 4208 265 4263 si
286 4201 444 4282 quaudof.
542 4205 588 4260 26.
609 4202 671 4260 sors
692 4202 1231 4271 Heinrtoboaioroduu.taouctt.nott.
1244 4221 1348 4291 pilo.
