3025 4859
260 367 312 444 82
639 373 782 428 uranu
801 369 997 426 irruamus

259 544 472 638 sardonyche,
494 542 599 636 adque
620 540 694 610 ideo
717 538 815 632 pluris
837 559 933 631 quam
956 532 1069 606 Gallus
1091 531 1222 627 agebat,

259 681 357 754 quam
378 653 514 725 Basilus
546 675 618 722 rara
639 655 672 722 in
695 652 783 720 tenui
805 649 951 718 facundia
973 665 1088 738 panno.
1307 647 1368 714 145

259 768 389 864 quando
409 767 485 834 licet
504 762 616 833 Basilo
637 763 767 832 flentem
788 761 968 853 producere
990 753 1149 824 matrem?

259 879 331 973 qrris
351 877 435 944 bene
456 876 616 944 dicentem
637 872 783 942 Basilum
804 868 908 938 ferat?
937 871 1072 964 accipiat
1093 880 1126 940 te

263 986 368 1058 Gallia
388 985 443 1054 uel
463 985 570 1077 potius
590 981 749 1052 nutricula
772 982 1007 1048 causidicorum

263 1099 386 1181 Alrica,
408 1097 436 1163 si
455 1094 575 1188 placuit
596 1093 780 1162 mercedem
802 1113 922 1185 ponere
943 1090 1081 1184 linguae.

271 1232 310 1246 ··'
332 1206 536 1276 vanamne
558 1201 681 1272 doces?
708 1225 729 1271 o
751 1204 855 1270 ferrea
875 1210 1007 1294 pectora
1029 1199 1132 1282 Vetti,
1309 1212 1370 1269 150

196 1315 202 1324 ’
261 1342 336 1389 cum
357 1315 493 1410 peremit
513 1335 630 1382 menos
650 1312 763 1382 classis
783 1333 954 1382 numerosa
975 1311 1141 1403 tyrannos!

260 1452 336 1502 nam
357 1447 581 1520 quaecumque
602 1424 719 1492 sedens
739 1425 837 1492 mado
858 1422 995 1516 legerat,
1016 1422 1097 1490 haec
1119 1423 1233 1493 eadem
1254 1430 1341 1490 stans

193 1612 196 1619 ,
260 1539 401 1632 perferet
421 1537 526 1628 adque
547 1535 662 1604 eadem
683 1533 823 1604 cantabit
844 1532 990 1602 uersibus
1012 1533 1106 1601 idem.

262 1648 380 1718 occidit
400 1647 536 1714 miseros
556 1644 686 1715 crambe
707 1647 841 1739 repetita
864 1645 1041 1738 magistros.

262 1758 334 1853 quis
355 1756 446 1827 color
468 1763 501 1824 et
521 1755 609 1848 quod
630 1757 671 1824 sit
693 1778 809 1824 causae
831 1779 933 1850 genus
956 1763 1051 1848 atque
1074 1753 1129 1822 ubi
1150 1773 1275 1820 summa
1310 1759 1371 1820 15⁵

262 1869 424 1963 quaestio,
445 1889 528 1959 quae
551 1868 681 1934 ueniant
702 1867 849 1935 diuersae
871 1867 953 1934 lorte
975 1867 1125 1958 sagittae,

261 2000 358 2050 nosse
378 1975 479 2046 uelint
500 1998 626 2058 omnes,
648 1976 831 2046 mercedem
854 1976 981 2046 soluere
1001 1997 1106 2044 nemo.

260 2085 469 2158 “mercedem
490 2084 657 2181 appellas?
684 2088 761 2180 quid
784 2089 868 2156 enim
890 2082 1005 2157 scio?’'
1025 2083 1145 2178 “crdpa
1168 2084 1312 2153 docentis

263 2198 386 2270 sufficet
405 2199 565 2292 arguitur,
587 2195 676 2290 quod
696 2196 790 2266 laeua
811 2205 902 2291 parte
923 2196 1082 2266 mamillae

262 2308 307 2380 nil
328 2308 401 2376 salit
421 2307 578 2378 Arcadico
599 2307 721 2389 iuueni,
742 2307 835 2376 cuius
856 2310 931 2378 mihi
953 2319 1045 2376 sexta
1309 2317 1371 2374 160

263 2441 392 2513 quaque
412 2419 464 2487 die
485 2421 639 2488 miserum
660 2417 747 2485 dirus
769 2429 867 2511 caput
888 2418 1025 2488 Annibal
1046 2416 1159 2511 inplet,

262 2530 417 2625 quidquid
437 2527 470 2598 id
490 2538 540 2597 est
560 2529 602 2600 dc
623 2552 688 2623 quo
711 2528 880 2612 deliberat,
902 2551 943 2598 an
965 2537 1054 2624 petat
1075 2525 1189 2597 urbem

263 2664 283 2711 a
306 2639 440 2724 Cannis,
461 2660 503 2710 an
523 2647 599 2733 post
619 2639 744 2710 nimbos
767 2648 800 2708 et
821 2639 952 2709 fulmina
974 2649 1088 2708 cautus

264 2751 461 2844 circumagat
482 2750 625 2820 madidas
648 2775 666 2819 a
690 2757 882 2845 tempestate
904 2749 1061 2819 cohortes.

265 2869 419 2956 quantum
440 2861 490 2929 uis
510 2859 677 2956 stipulare,
700 2871 733 2931 et
752 2862 897 2956 protinus
918 2861 1043 2954 accipe,
1065 2861 1142 2953 quid
1164 2861 1221 2944 do,
1309 2871 1368 2931 165

264 3028 333 3088 144.
355 3027 458 3086 Gallus
478 3025 568 3103 prb:
588 3028 698 3086 Cossus
718 3025 808 3087 badar.
901 3029 967 3086 146.
988 3026 1104 3086 flentem
1124 3028 1224 3086 Basilo
1245 3029 1333 3088 abcm

264 3105 426 3184 producere
446 3108 507 3180 Ppa
527 3104 672 3164 deducere
692 3124 727 3163 ao.
820 3105 886 3164 147.
907 3105 982 3164 seret
1002 3126 1029 3172 ς.
1126 3109 1182 3164 148
1202 3109 1372 3166 Prismanao

265 3182 301 3244 ds
319 3199 382 3239 uss.
391 3182 464 3239 Asa.
477 3191 495 3240 0
508 3201 538 3259 p.
550 3186 626 3240 1262
638 3186 673 3240 P.
684 3183 741 3242 104
752 3186 790 3240 1..
870 3181 936 3242 149.
956 3202 1065 3260 ponere
1079 3187 1118 3240 P:
1139 3184 1285 3262 imponere
1306 3203 1341 3242 ω.

265 3265 331 3321 150.
352 3259 497 3326 11601Ρςι
520 3259 603 3316 Vecti
619 3278 655 3318 ω.
718 3260 842 3338 peremit
854 3257 904 3332 ΡΙ.
973 3265 1038 3319 153.
1057 3259 1187 3339 proferet
1201 3277 1227 3328 ς.
1302 3281 1372 3319 can·

265 3338 338 3395 lauit
351 3338 385 3394 P.
464 3336 540 3394 idem
558 3339 675 3412 scripsi:
696 3337 789 3395 isdem
805 3340 865 3394 Pa.
944 3340 1011 3396 154.
1031 3339 1146 3396 crambe
1167 3355 1185 3406 ς
1204 3338 1374 3398 Politioaas

264 3416 408 3474 misadd:
428 3416 556 3472 crambre
568 3416 602 3482 P,
622 3417 754 3490 grambre
770 3413 789 3485 s
803 3413 899 3482 Valla,
920 3417 1034 3473 cambra
1054 3434 1089 3472 ω.
1154 3419 1219 3474 156.
1241 3417 1374 3474 diuersae

264 3491 341 3549 sorte
361 3494 401 3549 P:
437 3489 571 3548 diuersae
596 3501 680 3568 parte
705 3491 754 3563 fa,
785 3490 901 3548 diuersa
926 3503 1010 3569 parte
1035 3510 1076 3564 ω,
1107 3491 1224 3550 diuersa
1249 3512 1267 3552 a
1291 3503 1374 3571 parte

264 3572 300 3627 E.
314 3570 351 3626 G.
364 3566 510 3626 Woboras.
596 3571 662 3627 157.
684 3569 774 3626 uelint
794 3567 945 3626 Pitboaas:
972 3569 1071 3627 uelunt
1086 3572 1120 3636 P,
1142 3571 1241 3628 uolunt
1260 3589 1316 3646 par.

265 3648 323 3704 158
333 3662 397 3720 aaa.
418 3642 503 3740 culpa
519 3675 558 3685 -
577 3643 643 3700 salit
661 3644 752 3703 solsol.
768 3646 848 3702 Pers.
861 3649 904 3715 11,
914 3650 960 3705 53.
1067 3649 1123 3706 150
1137 3663 1180 3722 sq.
1203 3647 1374 3724 Fulgentius

263 3720 406 3793 16611611,
420 3728 453 3780 9:
486 3719 562 3778 Vnda
576 3727 604 3777 ot
619 3723 771 3780 laacnatis
787 3723 845 3779 ait:
866 3724 890 3778 si
904 3724 988 3780 laeua
1005 3733 1088 3801 parte
1107 3741 1145 3801 pa
1169 3725 1235 3782 illae
1252 3725 1292 3782 nil
1309 3723 1375 3782 salit

264 3797 406 3855 Arcadico
425 3790 541 3856 iuueni.'
625 3798 711 3856 laeua
731 3819 792 3875 par:
812 3799 876 3857 leue
897 3803 931 3857 P.
1010 3811 1093 3878 parra
1110 3743 1185 3876 Pyle
1205 3802 1231 3857 in
1250 3812 1332 3878 parte
1348 3819 1373 3858 ω

263 3871 355 3933 sobal.
366 3875 470 3933 Persii.
539 3879 605 3934 160.
626 3875 750 3933 Arcadio
771 3892 798 3942 ς.
865 3879 930 3935 161.
948 3895 1062 3952 quaque
1078 3895 1137 3954 pro:
1160 3897 1303 3954 quamque
1319 3883 1353 3936 P.

263 3951 388 4008 Annibal
407 3953 441 4008 P.
528 3955 595 4012 162.
616 3952 756 4011 deliberat
776 3971 837 4029 pala
857 3953 960 4012 liberat
979 3958 1012 4011 P.
1086 3959 1151 4014 163.
1172 3959 1292 4030 nymbus
1312 3957 1347 4014 P.

240 4082 244 4098 ,
262 4027 379 4106 fulgura
396 4046 425 4103 a.
519 4033 574 4088 165
584 4048 628 4106 sq.
655 4040 790 4106 quantum
807 4031 960 4088 -audiat
980 4033 1122 4089 Priscian.
1133 4035 1250 4100 xviri,
1261 4038 1308 4102 19,
1319 4035 1374 4092 149

263 4105 391 4181 paron.
501 4108 601 4182 accipe
620 4124 682 4182 paor
707 4109 840 4184 accipere
860 4110 894 4163 P.
995 4109 1072 4185 :quid
1094 4109 1131 4166 do
1152 4113 1179 4166 P
1197 4112 1375 4177 staaaaas,

265 4181 375 4256 quidda
385 4181 406 4253 f
413 4199 477 4238 cana
488 4180 588 4258 plasea
602 4175 782 4260 ς1165611661,
804 4183 942 4260 quiddam
958 4185 1038 4243 codd.
1056 4188 1254 4262 antiquissimi
1265 4186 1376 4260 Vallas,

267 4257 346 4338 quod
366 4258 405 4316 do
424 4277 484 4335 pao,
505 4261 574 4337 quin
594 4259 632 4317 do
655 4259 894 4331 narranaam,
913 4253 1076 4340 ‘quidumi'
1097 4261 1278 4323 Lachmann.
