3025 4859
253 324 328 399 162
624 340 660 392 o.
678 339 982 394 nnunvuusms

251 509 307 574 uix
328 507 476 599 cuiquam
497 515 553 573 aut
573 506 650 574 nulli
672 516 741 573 toto
764 507 935 574 certamine
955 529 1053 574 nasus

250 621 383 709 integer.
406 620 566 708 aspiceres
585 620 649 684 iam
671 627 787 684 cuncta
810 641 866 708 per
888 618 1014 710 agmina
1037 615 1145 684 uultus

250 728 405 808 dimidios,
427 726 505 794 alias
526 730 624 795 iacies
646 736 679 794 et
699 727 817 794 hiantia
838 731 939 821 ruptis

252 862 325 906 ossa
346 841 445 931 genis,
466 837 580 930 plenos
602 837 770 906 oculorum
792 841 946 930 sanguine
968 861 1102 931 pugnos.

252 948 363 1016 ludere
385 972 421 1015 se
443 949 579 1016 credunt
600 951 658 1040 ipsi
681 958 788 1016 tamen
811 958 843 1014 et
864 948 1001 1041 puen'les

253 1083 405 1127 exercere
427 1061 520 1139 acies,
544 1058 629 1148 quod
650 1058 736 1126 nulla
759 1059 916 1126 cadauera
938 1058 1070 1127 calcent.

252 1180 285 1238 et
306 1193 383 1237 sane
405 1191 469 1260 quo
491 1177 540 1234 tot
561 1169 692 1234 rixantis
714 1169 799 1238 milia
822 1170 943 1250 turbae,

252 1284 278 1348 si
300 1283 413 1348 uiuunt
435 1277 572 1346 omnes?
594 1303 672 1372 ergo
694 1283 797 1348 aerior
818 1283 965 1372 impetus,
988 1288 1021 1346 et
1041 1281 1104 1346 iam

250 1415 328 1458 saxa
350 1388 507 1457 inclinatis
528 1415 587 1481 per
608 1390 740 1457 humum
764 1393 906 1482 quaesita
928 1389 1053 1458 lacertis

249 1501 404 1591 incipiunt
425 1507 584 1589 torquere,
606 1500 779 1568 domestica
803 1500 947 1568 seditioni

249 1610 323 1690 tela,
345 1633 405 1677 nec
427 1607 512 1676 hono
534 1609 671 1702 lapidem
693 1609 795 1702 qualis
818 1619 851 1676 et
873 1609 1000 1676 Turnus
1023 1618 1056 1676 et
1077 1609 1167 1692 Aiax,

252 1719 305 1787 uel
328 1744 391 1811 quo
414 1719 556 1808 Tydides
579 1723 737 1812 percussit
757 1721 899 1811 pondere
923 1743 1038 1788 coxam

250 1832 389 1910 Aeneae,
411 1831 469 1896 sed
491 1854 587 1921 quem
612 1829 739 1897 ualeant
761 1832 905 1897 emittere
928 1830 1060 1897 dextrae

249 1942 311 2009 illis
333 1939 500 2009 dissimiles
523 1949 555 2007 et
577 1949 686 2007 nostro
709 1949 854 2030 tempore
877 1950 978 2006 natae.

251 2074 326 2118 nam
348 2073 450 2143 genus
472 2048 534 2117 hoe
556 2052 631 2117 uiuo
653 2052 718 2117 iam
739 2047 945 2116 decrescebat
968 2049 1128 2118 Homero:

251 2169 335 2227 terra
357 2158 458 2227 malos
480 2159 624 2228 homines
645 2183 730 2228 nunc
753 2160 868 2227 educat
889 2171 984 2251 atque
1006 2160 1153 2252 pusillos;

251 2294 329 2363 ergo
352 2271 440 2351 deus,
464 2272 657 2361 quicumque
679 2271 814 2360 aspexit,
836 2269 918 2336 n'det
940 2279 973 2337 et
994 2272 1069 2339 odit

249 2406 268 2448 a
291 2381 487 2448 deuerticulo
509 2388 671 2471 repetatur
693 2379 809 2446 labula.
844 2390 1013 2470 postquam

251 2493 396 2560 subsidiis
419 2492 514 2571 aucti,
535 2513 610 2582 pars
635 2489 733 2557 altera
756 2513 903 2581 promere
926 2492 1045 2559 lerrum

250 2603 346 2670 audet
367 2612 399 2670 et
419 2603 541 2668 inlestis
562 2623 703 2692 pugnam
724 2602 899 2669 instaurare
922 2603 1052 2695 sagittis.

248 2723 337 2806 terga
361 2715 434 2804 luga
458 2712 554 2780 celeri
576 2719 737 2802 praestant
759 2712 946 2780 instantibus
970 2711 1081 2778 Ombis

248 2826 302 2914 qui
325 2825 428 2891 uicina
452 2821 560 2890 colunt
582 2819 752 2887 umbrosae
775 2819 916 2912 Tentyra
938 2822 1075 2914 palmae.

248 2931 363 2999 labitur
384 2930 457 3000 binc
480 2932 608 3023 quidam
629 2931 725 2996 nimia
747 2931 914 2999 tormidine
937 2955 1064 2999 cursum

247 3043 467 3134 praecipitans,
492 3041 687 3132 capiturque.
712 3048 762 3106 ast
782 3039 872 3109 illum
893 3044 924 3109 in
946 3039 1081 3132 plurima
1102 3051 1226 3110 sectum

248 3153 347 3219 lrusta
370 3160 402 3219 et
424 3148 603 3243 particulas,
627 3157 663 3216 ut
684 3148 792 3215 multis
815 3161 959 3219 mortuus
982 3175 1064 3218 unus

247 3397 294 3453 56.
317 3392 429 3469 agmina
449 3411 509 3469 qno:
530 3390 637 3466 agmin.
657 3393 691 3447 P.
771 3395 817 3450 61.
839 3391 975 3468 Senaque
987 3394 1042 3452 iam
1064 3395 1123 3464 boc.
1205 3416 1261 3474 quo
1280 3401 1360 3473 Pyr:

247 3471 382 3546 quadro,
405 3477 520 3544 quota.
618 3468 710 3528 milia
729 3471 764 3525 P.
852 3471 934 3526 turbe
955 3473 988 3527 P.
1106 3476 1153 3533 64.
1176 3475 1310 3533 seditioni
1330 3471 1362 3532 Σ

246 3551 284 3604 11.
299 3547 447 3604 Valesius:
468 3544 610 3602 seditione
630 3547 691 3601 Pro.
788 3547 834 3603 65.
857 3545 950 3620 qualis
972 3558 1001 3604 et
1016 3551 1053 3606 P:
1076 3551 1153 3626 quali
1175 3571 1206 3609 se
1227 3571 1261 3619 to,
1283 3570 1357 3627 qua-

245 3622 280 3679 lis
301 3643 332 3680 se
353 3621 394 3695 [ς.
473 3626 519 3677 66.
542 3621 753 3679 uel—Aeneae
768 3624 890 3679 Seruios
901 3621 939 3678 tal
951 3625 1034 3698 Vorp.
1046 3627 1117 3684 Aeo.
1131 3633 1156 3694 1,
1167 3633 1214 3688 96.
1229 3632 1357 3696 1V‚228.

244 3704 292 3758 72.
315 3699 492 3757 deuerticulo
513 3696 584 3772 Psy:
605 3697 775 3756 diuerticulo
796 3717 831 3755 ω.
910 3703 958 3758 75.
980 3701 1049 3778 l'uga
1070 3703 1204 3778 Podspto:
1224 3705 1312 3780 sagae
1327 3722 1355 3772 ς.

243 3787 394 3855 praestant
412 3776 582 3832 instantibus
594 3773 695 3832 Ombis
707 3778 868 3833 Mereorius
877 3776 954 3850 arrad
964 3779 1144 3838 Solntosium
1156 3799 1262 3838 escrae.
1274 3780 1355 3839 Plio.

242 3855 349 3928 palli:
374 3862 523 3930 praestant
542 3852 712 3910 instantibus
733 3871 830 3909 omnes
846 3852 906 3910 cod.
919 3857 1063 3924 Merserit,
1077 3877 1180 3914 ritanus
1190 3862 1307 3934 antiqno
1322 3861 1356 3915 in

242 3947 333 4004 ntorp.
352 3949 386 3996 o,
419 3938 630 4006 praestana...
655 3934 694 4001 P,
723 3931 936 4006 praestantibus
963 3934 1093 3990 omnibus
1119 3937 1227 3992 instans
1257 3934 1354 4010 polyc,

239 4007 453 4083 praestantibus
474 4006 603 4062 omnibns
624 4007 731 4063 instant
751 4023 787 4061 ro.
864 4009 911 4064 76.
928 4006 1056 4087 Pampae
1070 4011 1352 4070 Solnrooiuceseroe.

240 4083 432 4158 Planta.
562 4087 609 4141 77.
631 4082 897 4149 ὺίηοΡςεΙιίοω.
1024 4090 1071 4146 78.
1092 4089 1122 4144 in
1142 4087 1351 4167 om.Podd.p.

238 4164 286 4219 79.
307 4159 464 4239 particulas
485 4169 516 4216 ot
534 4178 596 4237 pm:
615 4159 796 4239 particula...
816 4163 850 4218 Ρ.
