3025 4859
553 333 699 386 SATVRA
716 332 765 385 lll.

469 831 729 906 SATVRA
781 831 850 906 Xl.

219 1032 260 1078 DE
288 1029 526 1080 conrutilans
553 1028 662 1077 v1crvs
689 1030 843 1088 boovm'n
869 1029 909 1074 Al)
935 1024 1099 1074 axnsrcvrr.

196 1250 224 1316 l.
262 1250 410 1318 Aarrcvs
433 1272 578 1316 nxrurxa.
617 1246 657 1314 ad
678 1244 844 1312 Persicum
868 1243 976 1312 scribit
1001 1245 1034 1312 in
1063 1265 1135 1324 eos,
1164 1243 1219 1334 qui

112 1357 190 1426 ultra
212 1361 298 1428 uires
320 1359 481 1428 familiaris
508 1359 554 1426 rei
581 1358 735 1450 pretiosas
763 1353 874 1447 epulas
902 1363 1077 1448 conparent
1098 1355 1138 1422 ad
1161 1377 1218 1422 ex-

111 1469 243 1538 truenda
265 1471 422 1540 conuiuia.
1241 1484 1255 1526 ὁ

192 1582 223 1650 2.
247 1580 522 1649 srltvrnvsnx.
546 1603 629 1648 nuuc
652 1587 747 1670 poeta
770 1580 898 1656 uomina
919 1577 984 1647 duo
1007 1577 1123 1667 posuit,
1145 1597 1220 1644 cum

113 1689 151 1758 de
173 1690 381 1783 generalitate
404 1689 562 1783 loquatur.
585 1713 643 1781 per
666 1691 807 1756 Atticum
829 1711 907 1758 uero
930 1687 1060 1756 diuitem
1082 1685 1152 1754 uult
1171 1687 1222 1754 in·

112 1800 209 1894 telligi
234 1799 426 1894 quemlibet,
449 1824 506 1893 per
529 1799 672 1868 Rutilum
695 1808 803 1868 autem
825 1820 1008 1891 pauperem.
1046 1819 1143 1887 quem
1165 1796 1222 1863 de-

110 1920 250 1979 mentem
272 1911 345 1978 idea
368 1912 455 1993 dixit,
478 1912 550 2004 quia
572 1911 604 1978 in
627 1909 777 1978 diuitibus
792 1932 874 2001 quae
896 1908 1074 1976 humanitas
1096 1907 1220 1990 dicitur,

110 2019 189 2090 haec
209 2025 244 2090 in
266 2029 455 2114 paupertate
476 2023 636 2090 dementia
658 2020 800 2089 habetur.
1231 2038 1260 2079 ω

192 2132 222 2200 3.
249 2155 429 2200 ccnvrcrvs
452 2155 506 2200 an.
529 2155 563 2200 u.
586 2157 611 2200 s.
634 2157 659 2200 s.
683 2132 783 2213 deest,
804 2130 979 2222 loquuntur
1000 2152 1122 2199 ornnes.

197 2246 227 2310 6.
252 2215 454 2312 ενινῖιοινητ.
477 2241 552 2311 durn
574 2243 698 2310 iuuenis
721 2251 780 2309 est.

197 2356 227 2420 7.
250 2376 456 2422 raonraanra
480 2376 511 2419 r.
534 2353 588 2443 qui
610 2353 761 2420 custodes
785 2361 876 2418 erant
896 2351 1059 2420 libertatis.

196 2463 501 2534 8.scn1arvnvsu.
526 2464 661 2553 [naerxl.
686 2463 823 2555 superba
847 2470 880 2528 et
902 2462 1045 2530 delicata.
1115 2464 1220 2543 idest,

115 2593 150 2637 se
172 2581 405 2642 auctoraturus.
438 2583 493 2642 aut
514 2574 595 2642 haec
617 2573 805 2654 scribturas,
828 2597 911 2666 quae
932 2575 1008 2640 iurie
1030 2581 1063 2641 et
1084 2596 1220 2643 consue·
1236 2585 1261 2626 ¹⁵

116 2680 230 2750 tudinis
252 2692 344 2751 erant
364 2685 403 2752 ab
426 2683 474 2752 his
498 2683 652 2766 describi,
679 2685 733 2774 qui
761 2692 895 2776 accepto
916 2685 1039 2775 praetio
1062 2707 1097 2750 se
1118 2685 1151 2752 in
1172 2682 1223 2752 lu·

114 2790 190 2860 dum
213 2793 438 2862 distrahebant.
1062 2871 1065 2873 Α

198 2907 229 2970 9.
251 2928 382 2974 avaros
402 2929 432 2976 r.
456 2925 511 2972 ees
527 2902 597 2971 urdt
610 2903 751 2997 intelligi,
774 2907 891 2996 quiex
914 2906 1049 2997 pecunia
1072 2904 1131 2973 sibi
1154 2926 1223 2972 cre·

115 3013 178 3081 dita
198 3013 409 3084 luxuriantur.
487 3037 565 3082 sara
587 3037 688 3084 avsvs
711 3041 753 3084 aa
775 3040 881 3084 resvu.
904 3017 937 3085 id
960 3027 1018 3099 eet,
1040 3017 1222 3108 [requenter

114 3125 216 3194 delusi
249 3147 292 3192 ex
319 3123 544 3218 pollicitatione
574 3125 768 3196 redibitionis
790 3127 835 3196 ibi
861 3149 918 3196 eos
945 3135 1133 3220 expectant,
1168 3126 1262 3195 ubiw

113 3256 164 3303 res
186 3244 282 3328 aptae
302 3234 447 3303 luxuriae
469 3235 691 3304 distrahuntur.

201 3349 250 3415 ll.
291 3368 391 3414 cnvsa
413 3369 539 3416 enarro
562 3370 633 3414 aar.
671 3355 796 3416 tantum
823 3357 954 3441 propter
981 3346 1089 3441 gulam
1110 3347 1226 3418 uolunt

114 3457 235 3526 uiuere.

202 3567 252 3636 14.
275 3587 417 3635 manaan
438 3591 573 3637 avsrvs.
594 3565 654 3636 hos
675 3576 798 3662 gaustus,
820 3567 1040 3637 masculinum.

116 3786 147 3844 3.
165 3783 325 3844 familiares
345 3789 403 3846 Pa.
421 3803 494 3846 carr.
507 3803 536 3862 p.
633 3789 663 3846 7.
685 3787 722 3846 de
741 3788 870 3864 generali
888 3789 976 3847 tacite
995 3786 1225 3863 Seburtalleiecla.

119 3879 188 3920 uero
209 3861 264 3920 del.
285 3881 309 3922 a.
419 3864 466 3923 14.
488 3883 520 3921 au
544 3865 614 3922 erba
634 3863 741 3922 dictata
761 3869 890 3941 Rutpere
909 3883 990 3926 aare.
1012 3868 1091 3926 lectt.
1112 3873 1155 3935 ll,
1176 3869 1223 3924 16.

121 3937 320 4012 Gatbcfredne
345 3939 384 4000 ad
409 3939 471 3999 cod.
529 3941 598 3999 aad.
619 3945 678 4001 ΠΙ.
698 3947 807 4019 11327.
829 3953 858 4001 et
879 3942 1022 4004 destinata
1042 3943 1223 4001 Lachmann.

118 4017 166 4073 la.
183 4025 384 4074 aucturaturue
400 4021 457 4077 Pa.
474 4037 546 4077 cerr.
561 4037 591 4096 p.
696 4025 741 4078 lb.
763 4030 792 4077 et
811 4039 837 4078 e.
938 4027 985 4081 16.
1006 4021 1116 4079 hisdem
1138 4019 1224 4077 scribi

117 4095 180 4242 ἢ
196 4111 275 4228 perr.
294 4112 319 4154 r.
361 4097 476 4230 linludo
495 4099 554 4155 ΡΒ.
567 4115 642 4156 corr.
655 4115 680 4154 r.
739 4101 787 4156 24.
808 4099 994 4157 masculinum
1016 4097 1068 4155 del.
1088 4096 1227 4155 Scburtz-

181 4188 305 4228 e.uox
324 4191 359 4230 ea
402 4191 437 4232 ae
456 4192 482 4233 r.
