<?xml version="1.0" encoding="UTF-8"?>
<!DOCTYPE html PUBLIC "-//W3C//DTD XHTML 1.0 Transitional//EN"
    "http://www.w3.org/TR/xhtml1/DTD/xhtml1-transitional.dtd">
<html xmlns="http://www.w3.org/1999/xhtml" xml:lang="en" lang="en">
 <head>
  <title>
</title>
<meta http-equiv="Content-Type" content="text/html;charset=utf-8" />
  <meta name='ocr-system' content='tesseract 3.04.00' />
  <meta name='ocr-capabilities' content='ocr_page ocr_carea ocr_par ocr_line ocrx_word'/>
</head>
<body>
  <div class='ocr_page' id='page_1' title='image "./diuniiiuvenalis00jahngoog_0204.png"; bbox 0 0 3025 4859; ppageno 0'>
   <div class='ocr_carea' id='block_1_1' title="bbox 273 351 1003 426">
    <p class='ocr_par' dir='ltr' id='par_1_1' title="bbox 273 351 1003 426">
     <span class='ocr_line' id='line_1_1' title="bbox 273 351 1003 426; baseline -0.007 0"><span class='ocrx_word' id='word_1_1' title='bbox 273 351 323 426; x_wconf 85' lang='grc'>96</span> <span class='ocrx_word' id='word_1_2' title='bbox 648 368 683 421; x_wconf 90' lang='lat' dir='ltr'>o.</span> <span class='ocrx_word' id='word_1_3' title='bbox 702 366 791 423; x_wconf 83' lang='lat' dir='ltr'>num</span> <span class='ocrx_word' id='word_1_4' title='bbox 808 366 1003 423; x_wconf 73' lang='lat' dir='ltr'>urrunnun</span> 
     </span>
    </p>
   </div>
   <div class='ocr_carea' id='block_1_2' title="bbox 265 533 1184 2072">
    <p class='ocr_par' dir='ltr' id='par_1_2' title="bbox 265 533 1093 741">
     <span class='ocr_line' id='line_1_2' title="bbox 265 533 1093 630; baseline -0.001 -26"><span class='ocrx_word' id='word_1_5' title='bbox 265 535 413 630; x_wconf 86' lang='lat' dir='ltr'>prostitui</span> <span class='ocrx_word' id='word_1_6' title='bbox 435 533 614 630; x_wconf 80' lang='lat' dir='ltr'>Graiaeque</span> <span class='ocrx_word' id='word_1_7' title='bbox 635 538 744 630; x_wconf 92' lang='lat' dir='ltr'>apium</span> <span class='ocrx_word' id='word_1_8' title='bbox 765 538 920 606; x_wconf 88' lang='lat' dir='ltr'>meruisse</span> <span class='ocrx_word' id='word_1_9' title='bbox 942 556 1093 606; x_wconf 87' lang='lat' dir='ltr'>coronae.</span> 
     </span>
     <span class='ocr_line' id='line_1_3' title="bbox 266 644 1009 741; baseline 0.003 -26"><span class='ocrx_word' id='word_1_10' title='bbox 266 646 423 715; x_wconf 89' lang='lat' dir='ltr'>maiorum</span> <span class='ocrx_word' id='word_1_11' title='bbox 445 644 565 739; x_wconf 84' lang='lat' dir='ltr'>effigies</span> <span class='ocrx_word' id='word_1_12' title='bbox 586 645 725 717; x_wconf 77' lang='lat' dir='ltr'>habeant</span> <span class='ocrx_word' id='word_1_13' title='bbox 745 649 880 741; x_wconf 86' lang='lat' dir='ltr'>insignia</span> <span class='ocrx_word' id='word_1_14' title='bbox 901 649 1009 731; x_wconf 91' lang='lat' dir='ltr'>uocis,</span> 
     </span>
    </p>

    <p class='ocr_par' dir='ltr' id='par_1_3' title="bbox 268 756 1184 1627">
     <span class='ocr_line' id='line_1_4' title="bbox 270 756 1111 853; baseline 0.005 -29"><span class='ocrx_word' id='word_1_15' title='bbox 270 764 345 825; x_wconf 87' lang='lat' dir='ltr'>ante</span> <span class='ocrx_word' id='word_1_16' title='bbox 365 758 465 850; x_wconf 91' lang='lat' dir='ltr'>pedes</span> <span class='ocrx_word' id='word_1_17' title='bbox 485 756 608 826; x_wconf 78' lang='lat' dir='ltr'><strong>Domiti</strong></span> <span class='ocrx_word' id='word_1_18' title='bbox 630 757 764 853; x_wconf 82' lang='lat' dir='ltr'>longum</span> <span class='ocrx_word' id='word_1_19' title='bbox 786 768 821 826; x_wconf 89' lang='lat' dir='ltr'>tu</span> <span class='ocrx_word' id='word_1_20' title='bbox 842 780 927 850; x_wconf 89' lang='lat' dir='ltr'>pone</span> <span class='ocrx_word' id='word_1_21' title='bbox 949 756 1111 849; x_wconf 74' lang='lat' dir='ltr'>&#39;liryestae</span> 
     </span>
     <span class='ocr_line' id='line_1_5' title="bbox 270 866 1140 963; baseline 0.001 -27"><span class='ocrx_word' id='word_1_22' title='bbox 270 891 376 960; x_wconf 86' lang='lat' dir='ltr'>syrma</span> <span class='ocrx_word' id='word_1_23' title='bbox 398 867 451 937; x_wconf 89' lang='lat' dir='ltr'>uel</span> <span class='ocrx_word' id='word_1_24' title='bbox 472 869 651 963; x_wconf 80' lang='lat' dir='ltr'><strong>Antigonae</strong></span> <span class='ocrx_word' id='word_1_25' title='bbox 673 893 731 937; x_wconf 90' lang='lat' dir='ltr'>seu</span> <span class='ocrx_word' id='word_1_26' title='bbox 753 890 923 962; x_wconf 85' lang='lat' dir='ltr'><strong>personam</strong></span> <span class='ocrx_word' id='word_1_27' title='bbox 942 866 1140 961; x_wconf 80' lang='lat' dir='ltr'>Menalippes</span> 
     </span>
     <span class='ocr_line' id='line_1_6' title="bbox 270 979 1084 1072; baseline -0.005 -23"><span class='ocrx_word' id='word_1_28' title='bbox 270 988 304 1049; x_wconf 88' lang='lat' dir='ltr'>et</span> <span class='ocrx_word' id='word_1_29' title='bbox 326 981 367 1048; x_wconf 89' lang='lat' dir='ltr'>de</span> <span class='ocrx_word' id='word_1_30' title='bbox 386 1002 567 1047; x_wconf 89' lang='lat' dir='ltr'>marmoreo</span> <span class='ocrx_word' id='word_1_31' title='bbox 590 980 742 1050; x_wconf 89' lang='lat' dir='ltr'>citharam</span> <span class='ocrx_word' id='word_1_32' title='bbox 765 980 925 1072; x_wconf 86' lang='lat' dir='ltr'>suspende</span> <span class='ocrx_word' id='word_1_33' title='bbox 946 979 1084 1049; x_wconf 82' lang='lat' dir='ltr'>colosso.</span> 
     </span>
     <span class='ocr_line' id='line_1_7' title="bbox 271 1088 1081 1184; baseline -0.001 -25"><span class='ocrx_word' id='word_1_34' title='bbox 271 1091 362 1184; x_wconf 92' lang='lat' dir='ltr'>quid,</span> <span class='ocrx_word' id='word_1_35' title='bbox 385 1088 537 1173; x_wconf 85' lang='lat' dir='ltr'>Catilina,</span> <span class='ocrx_word' id='word_1_36' title='bbox 562 1093 622 1159; x_wconf 92' lang='lat' dir='ltr'>tuis</span> <span class='ocrx_word' id='word_1_37' title='bbox 645 1091 802 1161; x_wconf 89' lang='lat' dir='ltr'>natalibus</span> <span class='ocrx_word' id='word_1_38' title='bbox 824 1099 922 1182; x_wconf 86' lang='lat' dir='ltr'>atque</span> <span class='ocrx_word' id='word_1_39' title='bbox 943 1088 1081 1183; x_wconf 82' lang='lat' dir='ltr'>Cethegi</span> 
     </span>
     <span class='ocr_line' id='line_1_8' title="bbox 268 1198 1144 1297; baseline -0.003 -26"><span class='ocrx_word' id='word_1_40' title='bbox 268 1204 410 1272; x_wconf 87' lang='lat' dir='ltr'>inueniet</span> <span class='ocrx_word' id='word_1_41' title='bbox 433 1203 602 1297; x_wconf 86' lang='lat' dir='ltr'>quisquam</span> <span class='ocrx_word' id='word_1_42' title='bbox 625 1198 814 1272; x_wconf 77' lang='lat' dir='ltr'><strong>sublimius?</strong></span> <span class='ocrx_word' id='word_1_43' title='bbox 845 1224 934 1271; x_wconf 88' lang='lat' dir='ltr'>arma</span> <span class='ocrx_word' id='word_1_44' title='bbox 954 1210 1062 1270; x_wconf 90' lang='lat' dir='ltr'>tamen</span> <span class='ocrx_word' id='word_1_45' title='bbox 1083 1223 1144 1269; x_wconf 90' lang='lat' dir='ltr'>uos</span> 
     </span>
     <span class='ocr_line' id='line_1_9' title="bbox 269 1311 1184 1406; baseline -0.001 -26"><span class='ocrx_word' id='word_1_46' title='bbox 269 1321 425 1381; x_wconf 89' lang='lat' dir='ltr'>noctuma</span> <span class='ocrx_word' id='word_1_47' title='bbox 447 1320 481 1379; x_wconf 93' lang='lat' dir='ltr'>et</span> <span class='ocrx_word' id='word_1_48' title='bbox 501 1312 645 1381; x_wconf 85' lang='lat' dir='ltr'>flammas</span> <span class='ocrx_word' id='word_1_49' title='bbox 668 1311 815 1382; x_wconf 87' lang='lat' dir='ltr'><strong>domibus</strong></span> <span class='ocrx_word' id='word_1_50' title='bbox 838 1311 1031 1406; x_wconf 78' lang='lat' dir='ltr'>templisque</span> <span class='ocrx_word' id='word_1_51' title='bbox 1050 1312 1184 1405; x_wconf 87' lang='lat' dir='ltr'>paratis,</span> 
     </span>
     <span class='ocr_line' id='line_1_10' title="bbox 268 1422 1078 1517; baseline -0.005 -24"><span class='ocrx_word' id='word_1_52' title='bbox 268 1433 305 1493; x_wconf 88' lang='lat' dir='ltr'>ut</span> <span class='ocrx_word' id='word_1_53' title='bbox 325 1422 538 1492; x_wconf 87' lang='lat' dir='ltr'>Bracatorum</span> <span class='ocrx_word' id='word_1_54' title='bbox 558 1425 649 1517; x_wconf 89' lang='lat' dir='ltr'>pueri</span> <span class='ocrx_word' id='word_1_55' title='bbox 671 1422 902 1517; x_wconf 84' lang='lat' dir='ltr'>Senonumque</span> <span class='ocrx_word' id='word_1_56' title='bbox 923 1424 1078 1503; x_wconf 89' lang='lat' dir='ltr'>minores,</span> 
     </span>
     <span class='ocr_line' id='line_1_11' title="bbox 270 1533 991 1627; baseline -0.004 -24"><span class='ocrx_word' id='word_1_57' title='bbox 270 1534 339 1603; x_wconf 88' lang='lat' dir='ltr'>ausi</span> <span class='ocrx_word' id='word_1_58' title='bbox 361 1534 448 1627; x_wconf 93' lang='lat' dir='ltr'>quod</span> <span class='ocrx_word' id='word_1_59' title='bbox 469 1534 564 1602; x_wconf 90' lang='lat' dir='ltr'>liceat</span> <span class='ocrx_word' id='word_1_60' title='bbox 586 1535 692 1605; x_wconf 88' lang='lat' dir='ltr'>tunica</span> <span class='ocrx_word' id='word_1_61' title='bbox 714 1537 826 1627; x_wconf 89' lang='lat' dir='ltr'>punire</span> <span class='ocrx_word' id='word_1_62' title='bbox 847 1533 991 1603; x_wconf 87' lang='lat' dir='ltr'>molesta.</span> 
     </span>
    </p>

    <p class='ocr_par' dir='ltr' id='par_1_4' title="bbox 268 1643 1126 2072">
     <span class='ocr_line' id='line_1_12' title="bbox 270 1643 1087 1740; baseline -0.001 -27"><span class='ocrx_word' id='word_1_63' title='bbox 270 1644 328 1714; x_wconf 87' lang='lat' dir='ltr'>sed</span> <span class='ocrx_word' id='word_1_64' title='bbox 349 1643 461 1739; x_wconf 84' lang='lat' dir='ltr'>uigilat</span> <span class='ocrx_word' id='word_1_65' title='bbox 481 1644 595 1714; x_wconf 86' lang='lat' dir='ltr'>consul</span> <span class='ocrx_word' id='word_1_66' title='bbox 616 1644 799 1740; x_wconf 89' lang='lat' dir='ltr'>uexillaque</span> <span class='ocrx_word' id='word_1_67' title='bbox 818 1654 928 1715; x_wconf 86' lang='lat' dir='ltr'>uestra</span> <span class='ocrx_word' id='word_1_68' title='bbox 949 1654 1087 1714; x_wconf 84' lang='lat' dir='ltr'>coercet</span> 
     </span>
     <span class='ocr_line' id='line_1_13' title="bbox 269 1753 1113 1851; baseline 0.001 -27"><span class='ocrx_word' id='word_1_69' title='bbox 269 1754 322 1824; x_wconf 92' lang='lat' dir='ltr'>hic</span> <span class='ocrx_word' id='word_1_70' title='bbox 343 1776 448 1823; x_wconf 90' lang='lat' dir='ltr'>nouus</span> <span class='ocrx_word' id='word_1_71' title='bbox 471 1756 623 1849; x_wconf 79' lang='lat' dir='ltr'>Arpinas,</span> <span class='ocrx_word' id='word_1_72' title='bbox 645 1756 794 1851; x_wconf 83' lang='lat' dir='ltr'>ignobilis</span> <span class='ocrx_word' id='word_1_73' title='bbox 815 1764 848 1825; x_wconf 89' lang='lat' dir='ltr'>et</span> <span class='ocrx_word' id='word_1_74' title='bbox 869 1756 966 1825; x_wconf 92' lang='lat' dir='ltr'>modo</span> <span class='ocrx_word' id='word_1_75' title='bbox 987 1753 1113 1825; x_wconf 88' lang='lat' dir='ltr'>Romae</span> 
     </span>
     <span class='ocr_line' id='line_1_14' title="bbox 271 1864 1042 1962; baseline -0.001 -26"><span class='ocrx_word' id='word_1_76' title='bbox 271 1864 472 1957; x_wconf 89' lang='lat' dir='ltr'>municipalis</span> <span class='ocrx_word' id='word_1_77' title='bbox 494 1888 608 1959; x_wconf 85' lang='lat' dir='ltr'>eques,</span> <span class='ocrx_word' id='word_1_78' title='bbox 630 1867 793 1962; x_wconf 86' lang='lat' dir='ltr'>galeatum</span> <span class='ocrx_word' id='word_1_79' title='bbox 813 1869 903 1961; x_wconf 94' lang='lat' dir='ltr'>ponit</span> <span class='ocrx_word' id='word_1_80' title='bbox 924 1865 1042 1961; x_wconf 90' lang='lat' dir='ltr'>ubique</span> 
     </span>
     <span class='ocr_line' id='line_1_15' title="bbox 268 1977 1126 2072; baseline 0.002 -27"><span class='ocrx_word' id='word_1_81' title='bbox 268 1977 462 2072; x_wconf 89' lang='lat' dir='ltr'>praesidium</span> <span class='ocrx_word' id='word_1_82' title='bbox 483 1978 625 2045; x_wconf 87' lang='lat' dir='ltr'>attonitis</span> <span class='ocrx_word' id='word_1_83' title='bbox 646 1985 679 2045; x_wconf 87' lang='lat' dir='ltr'>et</span> <span class='ocrx_word' id='word_1_84' title='bbox 700 1978 732 2047; x_wconf 91' lang='lat' dir='ltr'>in</span> <span class='ocrx_word' id='word_1_85' title='bbox 755 1980 842 2047; x_wconf 89' lang='lat' dir='ltr'>omui</span> <span class='ocrx_word' id='word_1_86' title='bbox 863 1986 973 2048; x_wconf 89' lang='lat' dir='ltr'>monte</span> <span class='ocrx_word' id='word_1_87' title='bbox 994 1978 1126 2047; x_wconf 84' lang='lat' dir='ltr'>laborat</span> 
     </span>
    </p>
   </div>
   <div class='ocr_carea' id='block_1_3' title="bbox 270 2072 1496 2184">
    <p class='ocr_par' dir='ltr' id='par_1_5' title="bbox 270 2072 1496 2184">
     <span class='ocr_line' id='line_1_16' title="bbox 270 2072 1496 2184; baseline 0.004 -27"><span class='ocrx_word' id='word_1_88' title='bbox 270 2095 394 2157; x_wconf 86' lang='lat' dir='ltr'>tantum</span> <span class='ocrx_word' id='word_1_89' title='bbox 415 2087 511 2181; x_wconf 84' lang='lat' dir='ltr'>igitur</span> <span class='ocrx_word' id='word_1_90' title='bbox 531 2110 641 2157; x_wconf 90' lang='lat' dir='ltr'>muros</span> <span class='ocrx_word' id='word_1_91' title='bbox 663 2090 746 2157; x_wconf 91' lang='lat' dir='ltr'>intra</span> <span class='ocrx_word' id='word_1_92' title='bbox 768 2097 845 2184; x_wconf 87' lang='lat' dir='ltr'>toga</span> <span class='ocrx_word' id='word_1_93' title='bbox 865 2087 1000 2158; x_wconf 90' lang='lat' dir='ltr'>contulit</span> <span class='ocrx_word' id='word_1_94' title='bbox 1020 2086 1065 2157; x_wconf 86' lang='lat' dir='ltr'>illi</span> <span class='ocrx_word' id='word_1_95' title='bbox 1314 2100 1377 2161; x_wconf 89' lang='grc'><strong>240</strong></span> <span class='ocrx_word' id='word_1_96' title='bbox 1495 2072 1496 2104; x_wconf 36' lang='lat' dir='ltr'>l</span> 
     </span>
    </p>
   </div>
   <div class='ocr_carea' id='block_1_4' title="bbox 268 2198 1377 3291">
    <p class='ocr_par' dir='ltr' id='par_1_6' title="bbox 269 2198 1177 2403">
     <span class='ocr_line' id='line_1_17' title="bbox 269 2198 1177 2294; baseline -0.001 -24"><span class='ocrx_word' id='word_1_97' title='bbox 269 2200 404 2270; x_wconf 88' lang='lat' dir='ltr'>nominis</span> <span class='ocrx_word' id='word_1_98' title='bbox 427 2221 465 2269; x_wconf 86' lang='lat' dir='ltr'>ac</span> <span class='ocrx_word' id='word_1_99' title='bbox 487 2198 584 2284; x_wconf 91' lang='lat' dir='ltr'>tituli,</span> <span class='ocrx_word' id='word_1_100' title='bbox 605 2208 761 2294; x_wconf 90' lang='lat' dir='ltr'>quantum</span> <span class='ocrx_word' id='word_1_101' title='bbox 781 2200 814 2268; x_wconf 91' lang='lat' dir='ltr'>in</span> <span class='ocrx_word' id='word_1_102' title='bbox 834 2198 1002 2282; x_wconf 89' lang='lat' dir='ltr'>Leucade,</span> <span class='ocrx_word' id='word_1_103' title='bbox 1023 2206 1177 2292; x_wconf 85' lang='lat' dir='ltr'>quantum</span> 
     </span>
     <span class='ocr_line' id='line_1_18' title="bbox 270 2309 1011 2403; baseline 0 -24"><span class='ocrx_word' id='word_1_104' title='bbox 270 2309 455 2381; x_wconf 81' lang='lat' dir='ltr'>Thessaliae</span> <span class='ocrx_word' id='word_1_105' title='bbox 477 2311 599 2403; x_wconf 85' lang='lat' dir='ltr'>campis</span> <span class='ocrx_word' id='word_1_106' title='bbox 620 2309 776 2380; x_wconf 87' lang='lat' dir='ltr'>Octauius</span> <span class='ocrx_word' id='word_1_107' title='bbox 797 2309 927 2379; x_wconf 90' lang='lat' dir='ltr'>abstulit</span> <span class='ocrx_word' id='word_1_108' title='bbox 948 2309 1011 2379; x_wconf 92' lang='lat' dir='ltr'>udo</span> 
     </span>
    </p>

    <p class='ocr_par' dir='ltr' id='par_1_7' title="bbox 271 2418 1127 2515">
     <span class='ocr_line' id='line_1_19' title="bbox 271 2418 1127 2515; baseline 0 -24"><span class='ocrx_word' id='word_1_109' title='bbox 271 2420 423 2491; x_wconf 91' lang='lat' dir='ltr'>caedibus</span> <span class='ocrx_word' id='word_1_110' title='bbox 443 2421 583 2490; x_wconf 85' lang='lat' dir='ltr'>adsiduis</span> <span class='ocrx_word' id='word_1_111' title='bbox 606 2419 727 2515; x_wconf 78' lang='lat' dir='ltr'>gladi03</span> <span class='ocrx_word' id='word_1_112' title='bbox 750 2430 801 2490; x_wconf 89' lang='lat' dir='ltr'>set</span> <span class='ocrx_word' id='word_1_113' title='bbox 821 2418 926 2490; x_wconf 86' lang='lat' dir='ltr'>Roma</span> <span class='ocrx_word' id='word_1_114' title='bbox 946 2428 1127 2513; x_wconf 89' lang='lat' dir='ltr'>parentem,</span> 
     </span>
    </p>

    <p class='ocr_par' dir='ltr' id='par_1_8' title="bbox 269 2529 1105 2626">
     <span class='ocr_line' id='line_1_20' title="bbox 269 2529 1105 2626; baseline 0.004 -27"><span class='ocrx_word' id='word_1_115' title='bbox 269 2529 373 2600; x_wconf 86' lang='lat' dir='ltr'>Roma</span> <span class='ocrx_word' id='word_1_116' title='bbox 393 2540 519 2624; x_wconf 86' lang='lat' dir='ltr'>patrem</span> <span class='ocrx_word' id='word_1_117' title='bbox 539 2534 661 2626; x_wconf 79' lang='lat' dir='ltr'>patriae</span> <span class='ocrx_word' id='word_1_118' title='bbox 683 2532 877 2603; x_wconf 85' lang='lat' dir='ltr'>Ciceronem</span> <span class='ocrx_word' id='word_1_119' title='bbox 896 2529 997 2600; x_wconf 91' lang='lat' dir='ltr'>libera</span> <span class='ocrx_word' id='word_1_120' title='bbox 1018 2532 1105 2602; x_wconf 83' lang='lat' dir='ltr'>dixit</span> 
     </span>
    </p>

    <p class='ocr_par' dir='ltr' id='par_1_9' title="bbox 268 2640 1377 2846">
     <span class='ocr_line' id='line_1_21' title="bbox 268 2640 1377 2736; baseline 0.005 -25"><span class='ocrx_word' id='word_1_121' title='bbox 268 2642 406 2736; x_wconf 86' lang='lat' dir='ltr'>Arpinas</span> <span class='ocrx_word' id='word_1_122' title='bbox 427 2642 507 2711; x_wconf 88' lang='lat' dir='ltr'>alius</span> <span class='ocrx_word' id='word_1_123' title='bbox 530 2640 724 2712; x_wconf 85' lang='lat' dir='ltr'>Volscorurn</span> <span class='ocrx_word' id='word_1_124' title='bbox 744 2642 778 2711; x_wconf 93' lang='lat' dir='ltr'>iu</span> <span class='ocrx_word' id='word_1_125' title='bbox 799 2650 911 2711; x_wconf 90' lang='lat' dir='ltr'>monte</span> <span class='ocrx_word' id='word_1_126' title='bbox 930 2640 1055 2712; x_wconf 79' lang='lat' dir='ltr'>solebat</span> <span class='ocrx_word' id='word_1_127' title='bbox 1314 2652 1377 2716; x_wconf 85' lang='grc'><strong>245</strong></span> 
     </span>
     <span class='ocr_line' id='line_1_22' title="bbox 269 2751 1004 2846; baseline 0.004 -26"><span class='ocrx_word' id='word_1_128' title='bbox 269 2775 405 2846; x_wconf 91' lang='lat' dir='ltr'>poscere</span> <span class='ocrx_word' id='word_1_129' title='bbox 427 2751 608 2835; x_wconf 88' lang='lat' dir='ltr'>mercedes,</span> <span class='ocrx_word' id='word_1_130' title='bbox 630 2752 734 2822; x_wconf 92' lang='lat' dir='ltr'>alieno</span> <span class='ocrx_word' id='word_1_131' title='bbox 756 2751 860 2822; x_wconf 88' lang='lat' dir='ltr'>lassus</span> <span class='ocrx_word' id='word_1_132' title='bbox 882 2762 1004 2839; x_wconf 89' lang='lat' dir='ltr'>aratro;</span> 
     </span>
    </p>

    <p class='ocr_par' dir='ltr' id='par_1_10' title="bbox 269 2862 1093 2957">
     <span class='ocr_line' id='line_1_23' title="bbox 269 2862 1093 2957; baseline 0.004 -24"><span class='ocrx_word' id='word_1_133' title='bbox 269 2864 425 2933; x_wconf 87' lang='lat' dir='ltr'>nodosam</span> <span class='ocrx_word' id='word_1_134' title='bbox 446 2872 521 2957; x_wconf 91' lang='lat' dir='ltr'>post</span> <span class='ocrx_word' id='word_1_135' title='bbox 543 2862 623 2932; x_wconf 88' lang='lat' dir='ltr'>haec</span> <span class='ocrx_word' id='word_1_136' title='bbox 644 2862 813 2957; x_wconf 84' lang='lat' dir='ltr'>frangebat</span> <span class='ocrx_word' id='word_1_137' title='bbox 834 2865 955 2933; x_wconf 89' lang='lat' dir='ltr'>uertice</span> <span class='ocrx_word' id='word_1_138' title='bbox 977 2867 1093 2951; x_wconf 90' lang='lat' dir='ltr'>uitem,</span> 
     </span>
    </p>

    <p class='ocr_par' dir='ltr' id='par_1_11' title="bbox 269 2972 985 3067">
     <span class='ocr_line' id='line_1_24' title="bbox 269 2972 985 3067; baseline -0.001 -24"><span class='ocrx_word' id='word_1_139' title='bbox 269 2974 296 3043; x_wconf 90' lang='lat' dir='ltr'>si</span> <span class='ocrx_word' id='word_1_140' title='bbox 316 2972 422 3043; x_wconf 85' lang='lat' dir='ltr'>lentus</span> <span class='ocrx_word' id='word_1_141' title='bbox 444 2976 535 3067; x_wconf 81' lang='lat' dir='ltr'>pigra</span> <span class='ocrx_word' id='word_1_142' title='bbox 556 2975 695 3043; x_wconf 88' lang='lat' dir='ltr'>muniret</span> <span class='ocrx_word' id='word_1_143' title='bbox 716 2983 821 3043; x_wconf 86' lang='lat' dir='ltr'>castra</span> <span class='ocrx_word' id='word_1_144' title='bbox 844 2974 985 3044; x_wconf 85' lang='lat' dir='ltr'>dolabra.</span> 
     </span>
    </p>

    <p class='ocr_par' dir='ltr' id='par_1_12' title="bbox 268 3082 1172 3178">
     <span class='ocr_line' id='line_1_25' title="bbox 268 3082 1172 3178; baseline 0.003 -23"><span class='ocrx_word' id='word_1_145' title='bbox 268 3084 320 3155; x_wconf 90' lang='lat' dir='ltr'>hic</span> <span class='ocrx_word' id='word_1_146' title='bbox 342 3093 450 3155; x_wconf 89' lang='lat' dir='ltr'>tamen</span> <span class='ocrx_word' id='word_1_147' title='bbox 472 3092 505 3153; x_wconf 88' lang='lat' dir='ltr'>et</span> <span class='ocrx_word' id='word_1_148' title='bbox 526 3082 676 3153; x_wconf 89' lang='lat' dir='ltr'>Cimbros</span> <span class='ocrx_word' id='word_1_149' title='bbox 699 3092 731 3151; x_wconf 90' lang='lat' dir='ltr'>et</span> <span class='ocrx_word' id='word_1_150' title='bbox 754 3106 879 3153; x_wconf 89' lang='lat' dir='ltr'>summa</span> <span class='ocrx_word' id='word_1_151' title='bbox 900 3084 1043 3178; x_wconf 90' lang='lat' dir='ltr'>pericula</span> <span class='ocrx_word' id='word_1_152' title='bbox 1065 3109 1172 3157; x_wconf 79' lang='lat' dir='ltr'>renum</span> 
     </span>
    </p>

    <p class='ocr_par' dir='ltr' id='par_1_13' title="bbox 271 3192 1377 3291">
     <span class='ocr_line' id='line_1_26' title="bbox 271 3192 1377 3291; baseline 0.006 -26"><span class='ocrx_word' id='word_1_153' title='bbox 271 3196 403 3288; x_wconf 84' lang='lat' dir='ltr'>excipit,</span> <span class='ocrx_word' id='word_1_154' title='bbox 426 3204 459 3263; x_wconf 91' lang='lat' dir='ltr'>et</span> <span class='ocrx_word' id='word_1_155' title='bbox 480 3192 568 3264; x_wconf 90' lang='lat' dir='ltr'>solus</span> <span class='ocrx_word' id='word_1_156' title='bbox 591 3194 800 3288; x_wconf 87' lang='lat' dir='ltr'>trepidantem</span> <span class='ocrx_word' id='word_1_157' title='bbox 820 3197 960 3291; x_wconf 83' lang='lat' dir='ltr'>protegit</span> <span class='ocrx_word' id='word_1_158' title='bbox 980 3196 1108 3283; x_wconf 87' lang='lat' dir='ltr'>urbem,</span> <span class='ocrx_word' id='word_1_159' title='bbox 1314 3213 1377 3272; x_wconf 80' lang='lat'>25⁰</span> 
     </span>
    </p>
   </div>
   <div class='ocr_carea' id='block_1_5' title="bbox 268 3362 1379 3670">
    <p class='ocr_par' dir='ltr' id='par_1_14' title="bbox 268 3362 1379 3670">
     <span class='ocr_line' id='line_1_27' title="bbox 269 3362 1377 3443; baseline 0.008 -23"><span class='ocrx_word' id='word_1_160' title='bbox 269 3366 337 3423; x_wconf 89' lang='grc'><strong>226.</strong></span> <span class='ocrx_word' id='word_1_161' title='bbox 358 3362 514 3439; x_wconf 80' lang='lat' dir='ltr'>graiasque</span> <span class='ocrx_word' id='word_1_162' title='bbox 533 3380 595 3437; x_wconf 72' lang='lat' dir='ltr'>porr</span> <span class='ocrx_word' id='word_1_163' title='bbox 615 3370 774 3439; x_wconf 83' lang='lat' dir='ltr'>grataeque</span> <span class='ocrx_word' id='word_1_164' title='bbox 788 3367 860 3438; x_wconf 67' lang='grc' dir='ltr'><strong>Ρρς.</strong></span> <span class='ocrx_word' id='word_1_165' title='bbox 925 3366 993 3423; x_wconf 89' lang='grc'><strong>228.</strong></span> <span class='ocrx_word' id='word_1_166' title='bbox 1014 3363 1145 3439; x_wconf 82' lang='lat' dir='ltr'>thyestae</span> <span class='ocrx_word' id='word_1_167' title='bbox 1163 3386 1199 3443; x_wconf 79' lang='lat' dir='ltr'>p:</span> <span class='ocrx_word' id='word_1_168' title='bbox 1218 3377 1330 3443; x_wconf 87' lang='lat' dir='ltr'>tyestae</span> <span class='ocrx_word' id='word_1_169' title='bbox 1343 3373 1377 3429; x_wconf 87' lang='grc' dir='ltr'>Ρ.</span> 
     </span>
     <span class='ocr_line' id='line_1_28' title="bbox 268 3440 1379 3523; baseline 0.009 -29"><span class='ocrx_word' id='word_1_170' title='bbox 268 3446 336 3500; x_wconf 79' lang='grc'><strong>229.</strong></span> <span class='ocrx_word' id='word_1_171' title='bbox 355 3440 517 3515; x_wconf 83' lang='lat' dir='ltr'>Antigonae</span> <span class='ocrx_word' id='word_1_172' title='bbox 528 3459 551 3496; x_wconf 86' lang='lat' dir='ltr'>s.</span> <span class='ocrx_word' id='word_1_173' title='bbox 562 3459 716 3516; x_wconf 84' lang='lat' dir='ltr'>personam</span> <span class='ocrx_word' id='word_1_174' title='bbox 728 3444 769 3497; x_wconf 85' lang='lat' dir='ltr'>P:</span> <span class='ocrx_word' id='word_1_175' title='bbox 782 3442 943 3515; x_wconf 82' lang='lat' dir='ltr'>Antigonae</span> <span class='ocrx_word' id='word_1_176' title='bbox 954 3448 983 3497; x_wconf 89' lang='lat' dir='ltr'>tu</span> <span class='ocrx_word' id='word_1_177' title='bbox 997 3459 1150 3518; x_wconf 88' lang='lat' dir='ltr'>personam</span> <span class='ocrx_word' id='word_1_178' title='bbox 1162 3443 1206 3516; x_wconf 69' lang='grc' dir='ltr'>Ῐς,</span> <span class='ocrx_word' id='word_1_179' title='bbox 1222 3447 1379 3523; x_wconf 81' lang='lat' dir='ltr'>Antigones</span> 
     </span>
     <span class='ocr_line' id='line_1_29' title="bbox 269 3516 1379 3601; baseline 0.004 -24"><span class='ocrx_word' id='word_1_180' title='bbox 269 3530 299 3577; x_wconf 86' lang='lat' dir='ltr'>tu</span> <span class='ocrx_word' id='word_1_181' title='bbox 310 3536 463 3596; x_wconf 86' lang='lat' dir='ltr'>personam</span> <span class='ocrx_word' id='word_1_182' title='bbox 478 3536 514 3575; x_wconf 86' lang='lat' dir='ltr'>ro.</span> <span class='ocrx_word' id='word_1_183' title='bbox 592 3516 775 3596; x_wconf 85' lang='lat' dir='ltr'>Menalippes</span> <span class='ocrx_word' id='word_1_184' title='bbox 789 3536 852 3594; x_wconf 78' lang='lat' dir='ltr'>pur:</span> <span class='ocrx_word' id='word_1_185' title='bbox 870 3516 1046 3595; x_wconf 87' lang='lat' dir='ltr'>Menalippis</span> <span class='ocrx_word' id='word_1_186' title='bbox 1056 3519 1116 3588; x_wconf 77' lang='lat' dir='ltr'>Po,</span> <span class='ocrx_word' id='word_1_187' title='bbox 1134 3522 1295 3601; x_wconf 88' lang='lat' dir='ltr'>Menalippi</span> <span class='ocrx_word' id='word_1_188' title='bbox 1310 3521 1379 3596; x_wconf 63' lang='grc' dir='ltr'><strong>Σῖς.</strong></span> 
     </span>
     <span class='ocr_line' id='line_1_30' title="bbox 269 3594 1375 3670; baseline 0.005 -16"><span class='ocrx_word' id='word_1_189' title='bbox 269 3600 336 3655; x_wconf 93' lang='grc'><strong>230.</strong></span> <span class='ocrx_word' id='word_1_190' title='bbox 359 3594 496 3651; x_wconf 84' lang='lat' dir='ltr'>chitaram</span> <span class='ocrx_word' id='word_1_191' title='bbox 517 3598 551 3663; x_wconf 87' lang='lat' dir='ltr'>P,</span> <span class='ocrx_word' id='word_1_192' title='bbox 571 3594 728 3651; x_wconf 85' lang='lat' dir='ltr'>chitlmram</span> <span class='ocrx_word' id='word_1_193' title='bbox 748 3613 778 3670; x_wconf 85' lang='lat' dir='ltr'>p.</span> <span class='ocrx_word' id='word_1_194' title='bbox 856 3598 923 3653; x_wconf 93' lang='grc'><strong>231.</strong></span> <span class='ocrx_word' id='word_1_195' title='bbox 945 3597 1073 3653; x_wconf 85' lang='lat' dir='ltr'>catilliua</span> <span class='ocrx_word' id='word_1_196' title='bbox 1092 3601 1128 3656; x_wconf 89' lang='lat' dir='ltr'>P.</span> <span class='ocrx_word' id='word_1_197' title='bbox 1205 3605 1273 3660; x_wconf 81' lang='grc'><strong>232.</strong></span> <span class='ocrx_word' id='word_1_198' title='bbox 1294 3602 1375 3659; x_wconf 91' lang='lat' dir='ltr'>inoe-</span> 
     </span>
    </p>
   </div>
   <div class='ocr_carea' id='block_1_6' title="bbox 268 3672 1496 3754">
    <p class='ocr_par' dir='ltr' id='par_1_15' title="bbox 268 3672 1496 3754">
     <span class='ocr_line' id='line_1_31' title="bbox 268 3672 1496 3754; baseline 0.006 -24"><span class='ocrx_word' id='word_1_199' title='bbox 268 3674 341 3731; x_wconf 67' lang='lat' dir='ltr'>niet.</span> <span class='ocrx_word' id='word_1_200' title='bbox 354 3676 389 3728; x_wconf 91' lang='lat' dir='ltr'>P.</span> <span class='ocrx_word' id='word_1_201' title='bbox 468 3675 536 3730; x_wconf 82' lang='lat'><strong>233.</strong></span> <span class='ocrx_word' id='word_1_202' title='bbox 557 3673 666 3751; x_wconf 84' lang='lat' dir='ltr'>paratis</span> <span class='ocrx_word' id='word_1_203' title='bbox 676 3675 736 3738; x_wconf 75' lang='grc' dir='ltr'>Ρςε</span> <span class='ocrx_word' id='word_1_204' title='bbox 754 3672 880 3749; x_wconf 89' lang='lat' dir='ltr'>parastis</span> <span class='ocrx_word' id='word_1_205' title='bbox 901 3690 936 3728; x_wconf 86' lang='lat' dir='ltr'>ro.</span> <span class='ocrx_word' id='word_1_206' title='bbox 1003 3674 1072 3731; x_wconf 85' lang='grc'><strong>234.</strong></span> <span class='ocrx_word' id='word_1_207' title='bbox 1091 3676 1273 3735; x_wconf 85' lang='lat' dir='ltr'>bracatorum</span> <span class='ocrx_word' id='word_1_208' title='bbox 1283 3676 1379 3754; x_wconf 72' lang='lat' dir='ltr'>Pquc</span> <span class='ocrx_word' id='word_1_209' title='bbox 1495 3687 1496 3696; x_wconf 76' lang='grc'>’</span> 
     </span>
    </p>
   </div>
   <div class='ocr_carea' id='block_1_7' title="bbox 266 3750 1375 4287">
    <p class='ocr_par' dir='ltr' id='par_1_16' title="bbox 266 3750 1375 4213">
     <span class='ocr_line' id='line_1_32' title="bbox 267 3750 1286 3829; baseline 0.007 -24"><span class='ocrx_word' id='word_1_210' title='bbox 267 3752 464 3807; x_wconf 85' lang='lat' dir='ltr'>braccatormn</span> <span class='ocrx_word' id='word_1_211' title='bbox 485 3768 520 3806; x_wconf 77' lang='lat' dir='ltr'>nr.</span> <span class='ocrx_word' id='word_1_212' title='bbox 623 3753 690 3807; x_wconf 85' lang='grc'><strong>235.</strong></span> <span class='ocrx_word' id='word_1_213' title='bbox 712 3750 776 3805; x_wconf 85' lang='lat' dir='ltr'>ausi</span> <span class='ocrx_word' id='word_1_214' title='bbox 797 3764 835 3805; x_wconf 84' lang='lat' dir='ltr'>ro:</span> <span class='ocrx_word' id='word_1_215' title='bbox 856 3750 930 3805; x_wconf 64' lang='lat' dir='ltr'>aussi</span> <span class='ocrx_word' id='word_1_216' title='bbox 949 3754 984 3818; x_wconf 92' lang='lat' dir='ltr'>P,</span> <span class='ocrx_word' id='word_1_217' title='bbox 1005 3759 1055 3806; x_wconf 87' lang='lat' dir='ltr'>aut</span> <span class='ocrx_word' id='word_1_218' title='bbox 1074 3752 1099 3808; x_wconf 86' lang='lat' dir='ltr'>si</span> <span class='ocrx_word' id='word_1_219' title='bbox 1117 3753 1149 3821; x_wconf 75' lang='lat'>8,</span> <span class='ocrx_word' id='word_1_220' title='bbox 1169 3765 1198 3811; x_wconf 93' lang='lat' dir='ltr'>et</span> <span class='ocrx_word' id='word_1_221' title='bbox 1218 3756 1243 3811; x_wconf 94' lang='lat' dir='ltr'>si</span> <span class='ocrx_word' id='word_1_222' title='bbox 1261 3754 1286 3829; x_wconf 74' lang='lat' dir='ltr'>f</span> 
     </span>
     <span class='ocr_line' id='line_1_33' title="bbox 269 3818 1374 3907; baseline 0.004 -24"><span class='ocrx_word' id='word_1_223' title='bbox 269 3826 373 3886; x_wconf 85' lang='lat' dir='ltr'>deceat</span> <span class='ocrx_word' id='word_1_224' title='bbox 385 3842 412 3895; x_wconf 91' lang='grc' dir='ltr'><strong>ς.</strong></span> <span class='ocrx_word' id='word_1_225' title='bbox 491 3830 559 3885; x_wconf 84' lang='grc'><strong>239.</strong></span> <span class='ocrx_word' id='word_1_226' title='bbox 572 3818 732 3883; x_wconf 83' lang='lat' dir='ltr'>‘MONTE</span> <span class='ocrx_word' id='word_1_227' title='bbox 743 3826 899 3902; x_wconf 83' lang='lat' dir='ltr'>-legitur</span> <span class='ocrx_word' id='word_1_228' title='bbox 910 3822 1100 3885; x_wconf 83' lang='lat' dir='ltr'>etPONTE’</span> <span class='ocrx_word' id='word_1_229' title='bbox 1114 3828 1204 3888; x_wconf 78' lang='lat' dir='ltr'>solsol.</span> <span class='ocrx_word' id='word_1_230' title='bbox 1218 3842 1315 3891; x_wconf 87' lang='lat' dir='ltr'>monte</span> <span class='ocrx_word' id='word_1_231' title='bbox 1327 3830 1374 3907; x_wconf 74' lang='lat' dir='ltr'>[qr</span> 
     </span>
     <span class='ocr_line' id='line_1_34' title="bbox 267 3900 1373 3984; baseline 0.005 -25"><span class='ocrx_word' id='word_1_232' title='bbox 267 3913 341 3962; x_wconf 58' lang='lat' dir='ltr'>*tute</span> <span class='ocrx_word' id='word_1_233' title='bbox 360 3907 395 3971; x_wconf 88' lang='lat' dir='ltr'>P,</span> <span class='ocrx_word' id='word_1_234' title='bbox 416 3912 509 3961; x_wconf 89' lang='lat' dir='ltr'>mente</span> <span class='ocrx_word' id='word_1_235' title='bbox 529 3900 563 3971; x_wconf 78' lang='lat' dir='ltr'>le,</span> <span class='ocrx_word' id='word_1_236' title='bbox 582 3912 668 3978; x_wconf 86' lang='lat' dir='ltr'>gente</span> <span class='ocrx_word' id='word_1_237' title='bbox 687 3921 744 3978; x_wconf 79' lang='lat' dir='ltr'>pur.</span> <span class='ocrx_word' id='word_1_238' title='bbox 815 3904 882 3961; x_wconf 87' lang='grc'><strong>241.</strong></span> <span class='ocrx_word' id='word_1_239' title='bbox 901 3922 937 3960; x_wconf 91' lang='lat' dir='ltr'>ac</span> <span class='ocrx_word' id='word_1_240' title='bbox 956 3908 1021 3962; x_wconf 81' lang='lat' dir='ltr'>Pro:</span> <span class='ocrx_word' id='word_1_241' title='bbox 1043 3914 1071 3961; x_wconf 87' lang='lat' dir='ltr'>et</span> <span class='ocrx_word' id='word_1_242' title='bbox 1091 3922 1117 3972; x_wconf 90' lang='grc' dir='ltr'>ς.</span> <span class='ocrx_word' id='word_1_243' title='bbox 1186 3920 1324 3984; x_wconf 88' lang='lat' dir='ltr'>quantum</span> <span class='ocrx_word' id='word_1_244' title='bbox 1344 3912 1373 3968; x_wconf 94' lang='lat' dir='ltr'>iu</span> 
     </span>
     <span class='ocr_line' id='line_1_35' title="bbox 267 3978 1374 4056; baseline 0.005 -19"><span class='ocrx_word' id='word_1_245' title='bbox 267 3978 404 4038; x_wconf 85' lang='lat' dir='ltr'>Leucade</span> <span class='ocrx_word' id='word_1_246' title='bbox 417 3978 531 4054; x_wconf 72' lang='lat' dir='ltr'>PSsplt,</span> <span class='ocrx_word' id='word_1_247' title='bbox 552 3989 688 4055; x_wconf 83' lang='lat' dir='ltr'>quantum</span> <span class='ocrx_word' id='word_1_248' title='bbox 702 4000 759 4037; x_wconf 89' lang='lat' dir='ltr'>nou</span> <span class='ocrx_word' id='word_1_249' title='bbox 769 3978 907 4038; x_wconf 89' lang='lat' dir='ltr'>Leucade</span> <span class='ocrx_word' id='word_1_250' title='bbox 920 3999 976 4056; x_wconf 77' lang='lat' dir='ltr'>pur.</span> <span class='ocrx_word' id='word_1_251' title='bbox 997 4000 1034 4039; x_wconf 86' lang='lat' dir='ltr'>on</span> <span class='ocrx_word' id='word_1_252' title='bbox 1048 3980 1123 4041; x_wconf 74' lang='lat' dir='ltr'>sibit</span> <span class='ocrx_word' id='word_1_253' title='bbox 1205 3986 1335 4045; x_wconf 87' lang='lat' dir='ltr'>Leucate</span> <span class='ocrx_word' id='word_1_254' title='bbox 1348 3984 1374 4042; x_wconf 91' lang='lat' dir='ltr'>d.</span> 
     </span>
     <span class='ocr_line' id='line_1_36' title="bbox 267 4056 1375 4136; baseline 0.005 -22"><span class='ocrx_word' id='word_1_255' title='bbox 267 4058 324 4115; x_wconf 87' lang='grc'><strong>244</strong></span> <span class='ocrx_word' id='word_1_256' title='bbox 344 4059 466 4115; x_wconf 85' lang='lat' dir='ltr'>Seruios</span> <span class='ocrx_word' id='word_1_257' title='bbox 482 4056 521 4114; x_wconf 85' lang='lat' dir='ltr'>od</span> <span class='ocrx_word' id='word_1_258' title='bbox 537 4060 619 4131; x_wconf 66' lang='lat' dir='ltr'>Vero.</span> <span class='ocrx_word' id='word_1_259' title='bbox 630 4059 701 4115; x_wconf 82' lang='lat' dir='ltr'>Aen.</span> <span class='ocrx_word' id='word_1_260' title='bbox 717 4062 769 4129; x_wconf 84' lang='lat' dir='ltr'>VI,</span> <span class='ocrx_word' id='word_1_261' title='bbox 779 4061 845 4115; x_wconf 85' lang='grc'><strong>612.</strong></span> <span class='ocrx_word' id='word_1_262' title='bbox 928 4058 1019 4117; x_wconf 75' lang='lat' dir='ltr'>codol.</span> <span class='ocrx_word' id='word_1_263' title='bbox 1029 4064 1144 4119; x_wconf 72' lang='lat' dir='ltr'>Lucam</span> <span class='ocrx_word' id='word_1_264' title='bbox 1155 4065 1242 4136; x_wconf 84' lang='lat' dir='ltr'>Vffl,</span> <span class='ocrx_word' id='word_1_265' title='bbox 1252 4067 1319 4134; x_wconf 82' lang='grc'><strong>732,</strong></span> <span class='ocrx_word' id='word_1_266' title='bbox 1334 4057 1375 4119; x_wconf 80' lang='lat' dir='ltr'>‘et</span> 
     </span>
     <span class='ocr_line' id='line_1_37' title="bbox 266 4132 1278 4213; baseline 0.006 -21"><span class='ocrx_word' id='word_1_267' title='bbox 266 4132 432 4193; x_wconf 80' lang='lat' dir='ltr'>Iurrcnolis:</span> <span class='ocrx_word' id='word_1_268' title='bbox 456 4143 486 4192; x_wconf 91' lang='lat' dir='ltr'>et</span> <span class='ocrx_word' id='word_1_269' title='bbox 504 4144 616 4213; x_wconf 85' lang='lat' dir='ltr'>patrem</span> <span class='ocrx_word' id='word_1_270' title='bbox 636 4135 747 4213; x_wconf 87' lang='lat' dir='ltr'>patriae</span> <span class='ocrx_word' id='word_1_271' title='bbox 769 4134 940 4194; x_wconf 86' lang='lat' dir='ltr'>Ciceronem</span> <span class='ocrx_word' id='word_1_272' title='bbox 960 4136 1052 4196; x_wconf 87' lang='lat' dir='ltr'>libera</span> <span class='ocrx_word' id='word_1_273' title='bbox 1073 4138 1145 4197; x_wconf 81' lang='lat' dir='ltr'>dixit</span> <span class='ocrx_word' id='word_1_274' title='bbox 1163 4132 1278 4201; x_wconf 68' lang='lat' dir='ltr'>Roma.²</span> 
     </span>
    </p>

    <p class='ocr_par' dir='ltr' id='par_1_17' title="bbox 266 4210 592 4287">
     <span class='ocr_line' id='line_1_38' title="bbox 266 4210 592 4287; baseline 0 -18"><span class='ocrx_word' id='word_1_275' title='bbox 266 4210 334 4271; x_wconf 88' lang='grc'><strong>245.</strong></span> <span class='ocrx_word' id='word_1_276' title='bbox 356 4210 527 4271; x_wconf 85' lang='lat' dir='ltr'>Volscorum</span> <span class='ocrx_word' id='word_1_277' title='bbox 545 4226 592 4287; x_wconf 65' lang='grc' dir='ltr'><strong>μς.</strong></span> 
     </span>
    </p>
   </div>
   <div class='ocr_carea' id='block_1_8' title="bbox 0 0 1518 4859">
    <p class='ocr_par' dir='ltr' id='par_1_18' title="bbox 0 0 1518 4859">
     <span class='ocr_line' id='line_1_39' title="bbox 0 0 1518 4859; baseline 0 0"><span class='ocrx_word' id='word_1_278' title='bbox 0 0 1518 4859; x_wconf 95' lang='lat' dir='ltr'> </span> 
     </span>
    </p>
   </div>
  </div>
 </body>
</html>
