3025 4859
577 385 722 443 SATVRA
741 388 801 442 llll.

129 578 308 648 purpureus
330 556 437 647 magni
460 556 592 622 ructarit
613 578 724 623 scurra
744 554 863 637 Palati,

127 668 190 733 iam
212 667 360 758 princeps
385 668 540 757 equitum,
563 689 679 757 magna
702 670 756 759 qui
776 690 862 736 uoce
884 665 1006 733 solebat

129 776 269 844 uendere
290 777 465 867 municipes
487 776 588 844 tracta
611 776 651 844 de
672 800 781 845 merce
804 776 927 845 siluros.

129 888 232 978 incipe
254 883 415 979 Calliope!
443 884 518 954 licet
541 895 573 954 et
595 887 776 970 considere;
799 896 934 954 nonest
978 902 985 916 ·

129 998 335 1079 cantandum,
357 1019 408 1063 res
432 1019 506 1063 uera
530 998 642 1089 agitur.
676 1007 802 1065 narrate
824 996 950 1090 puellae

128 1106 284 1177 Pierides!
311 1108 411 1201 prosit
435 1106 510 1173 mihi
535 1130 593 1176 uos
615 1110 731 1175 dixisse
753 1109 886 1200 puellas.

212 1217 297 1285 Cum
319 1219 382 1284 iam
405 1218 625 1313 semianimum
646 1217 802 1285 laceraret
822 1219 950 1287 Flauius
973 1219 1085 1287 orbem

129 1326 257 1395 ultimus
280 1336 311 1393 et
333 1326 425 1396 caluo
449 1329 583 1394 seruiret
604 1325 709 1395 Roma
731 1328 867 1412 Neroni,

126 1438 236 1504 incidit
255 1436 383 1505 Adriani
406 1439 543 1529 spatium
565 1436 746 1506 admirabile
768 1440 893 1509 rhombi

129 1556 202 1615 ante
225 1548 356 1615 domum
379 1543 527 1628 Veneris,
551 1569 648 1639 quam
669 1544 790 1617 Dorica
812 1553 945 1619 sustinet
966 1550 1088 1632 Ancon,

127 1656 336 1750 impleuitque
358 1658 461 1739 sinum
484 1681 544 1725 nec
567 1659 651 1725 enim
674 1661 777 1728 minor
797 1662 944 1729 haeserat
964 1659 1040 1741 illis,

127 1790 208 1860 quos
232 1770 334 1860 operit
355 1766 473 1859 glacies
496 1767 653 1837 blaeotica
676 1779 834 1863 ruptaque
855 1771 985 1839 tandem

128 1878 249 1946 solibus
271 1877 402 1945 cllundit
424 1880 573 1946 torrentis
595 1880 636 1947 ad
658 1880 739 1946 ostia
760 1879 855 1949 Ponti

129 1988 248 2055 desidia
270 1988 378 2055 tardos
402 1997 434 2055 et
455 1988 552 2081 longo
576 1989 692 2081 frigore
714 1991 858 2084 pingues.

128 2098 264 2165 destinat
285 2096 347 2166 hoc
370 2108 547 2167 monstrum
569 2097 705 2166 cumbae
727 2099 846 2195 linique
868 2104 1019 2195 magister

128 2207 268 2301 pontifici
291 2230 427 2276 sommo.
466 2210 536 2301 quis
559 2209 643 2277 enim
665 2231 844 2302 proponere
866 2210 963 2279 talem

129 2328 183 2386 aut
205 2342 313 2387 emere
337 2320 482 2401 auderet,
509 2342 582 2388 cum
604 2319 698 2412 plena
721 2328 754 2386 et
776 2319 867 2388 litora
890 2322 990 2391 multo

129 2430 270 2499 delatore
293 2428 419 2497 forent?
447 2431 580 2522 dispersi
602 2432 746 2522 protinus
769 2428 861 2522 algae

128 2542 327 2632 inquisitores
350 2551 483 2633 agerent
505 2565 578 2609 cum
601 2542 721 2634 remige
744 2542 846 2622 nudo,

129 2674 190 2720 non
214 2651 386 2719 dubitaturi
408 2653 576 2743 fugitiuum
599 2652 704 2720 dicere
727 2653 851 2744 piscem

129 2760 359 2855 depastumque
382 2762 435 2829 diu
456 2762 576 2829 uinaria
599 2760 761 2843 Caesaris,
783 2761 855 2829 inde

130 2870 287 2964 elapsum,
309 2879 453 2939 ueterem
474 2871 514 2939 ad
536 2872 700 2941 dominum
723 2872 839 2942 debere
861 2877 987 2943 reuerti.

130 3145 175 3201 31.
196 3142 316 3199 ructarit
331 3144 389 3208 Ρςε
409 3147 535 3198 ructaret
554 3158 589 3196 m.
668 3146 715 3199 33.
737 3140 829 3199 fracta
850 3142 888 3200 de
908 3162 1003 3204 merce
1015 3143 1084 3204 Σωε
1104 3148 1184 3206 sacta
1198 3150 1234 3209 de

130 3222 261 3277 merceP
273 3222 402 3278 Ioannes
420 3221 621 3276 alancone.
640 3210 781 3288 ‘silurum'
802 3218 909 3277 Pharia
925 3221 962 3280 de
976 3242 1073 3282 merce
1090 3228 1237 3296 Moretur,

130 3294 257 3353 solator.
279 3294 317 3353 od
336 3294 429 3352 Solia.
450 3312 478 3369 p.
496 3297 581 3353 1314.
604 3298 749 3367 Eramito,
787 3296 881 3353 sarcta
907 3298 943 3355 de
963 3318 1060 3358 merce
1088 3302 1118 3358 (1.
1143 3303 1235 3361 Bartb

131 3370 220 3430 odom
230 3390 299 3431 nass.
313 3372 401 3441 CLX,
411 3376 439 3429 2.
460 3370 607 3441 11θί11111,
627 3382 713 3450 pacta
728 3372 764 3431 de
778 3392 873 3431 merce
885 3371 1049 3447 Morrboll,
1068 3388 1155 3454 pacta
1170 3398 1234 3437 cum

131 3468 225 3507 meree
245 3448 397 3519 sobrader,
418 3458 502 3525 parta
524 3446 560 3505 de
581 3468 675 3507 merce
697 3468 725 3508 o.
741 3448 768 3506 d.
785 3450 867 3508 Holl.
881 3453 957 3509 niro.
969 3456 1037 3528 th.
1049 3455 1125 3513 1814
1136 3474 1166 3516 a.
1176 3462 1235 3517 223

131 3520 242 3602 pnes,
270 3524 354 3583 srieta
375 3525 412 3582 de
432 3543 528 3582 merce
549 3528 656 3583 Moneo
669 3543 755 3584 oeno.
767 3526 915 3603 Abbdlpen
927 3533 1035 3604 pm,
1054 3541 1139 3609 pacta
1158 3552 1235 3592 mer-

132 3603 202 3662 cede
223 3606 263 3661 N.
273 3604 407 3661 Hetaainr
419 3600 586 3659 adeaedr.
597 3607 674 3672 1111,
683 3608 731 3673 21,
742 3607 771 3662 5.
792 3621 854 3679 epp.
864 3609 942 3674 1111,
954 3625 984 3684 p.
994 3610 1061 3666 723.
1072 3613 1138 3680 725,
1159 3610 1237 3669 sacra

131 3680 264 3739 mercede
284 3676 356 3737 rad.
371 3678 438 3747 1.1.,
459 3678 552 3736 fracta
572 3680 706 3737 mercede
726 3678 895 3739 Aobointra.
973 3688 1021 3742 34.
1042 3685 1109 3743 licet
1129 3695 1157 3745 et
1176 3692 1236 3755 Ρςε

132 3755 276 3828 1111ῐεῖ,
302 3755 433 3813 licetbic
453 3774 489 3814 m.
567 3760 615 3814 37.
636 3758 832 3815 semianimem
851 3774 877 3824 ς.
955 3766 1001 3820 38.
1023 3772 1104 3820 et-
1124 3765 1235 3822 Neroni

133 3831 304 3925 Soruioouod
318 3836 401 3907 Vory.
413 3834 484 3890 Aen.
493 3836 548 3904 IV,
559 3836 625 3892 215.
707 3836 754 3893 41.
776 3834 964 3914 implebitque
981 3840 1060 3895 sinus
1079 3843 1163 3916 Spore
1181 3844 1235 3898 im-

131 3910 322 4064 111111*
342 3909 868 4046 111111Ε’ἷῗῶἕθὲὲὶᾓὶἴὲ..
889 3988 913 4062 f,
934 3915 1155 4071 adallffllll
1170 3921 1235 3975 ‘'⁰'‘

133 4062 223 4122 hostia
243 4082 279 4122 ω.
306 4063 402 4121 boetia
421 4064 481 4122 Nili
503 4078 530 4131 ς.
626 4065 675 4124 45.
697 4068 817 4123 cumbae
837 4065 932 4140 Pdfb:
958 4072 1077 4144 cymbae
1098 4086 1133 4127 ω.

132 4141 178 4199 48.
198 4141 257 4201 alni
281 4142 439 4213 Graecina,
460 4140 510 4199 alti
527 4140 574 4199 uel
589 4142 647 4198 alto
665 4141 714 4199 oet
730 4141 814 4200 aulae
829 4147 962 4221 Ruperti.

972 4320 995 4387 3
