3025 4859
287 345 363 421 114
657 355 693 409 n.
711 348 1012 409 rvnnrvrxnams

248 542 251 553 '
276 529 410 608 coneris,
431 526 514 593 iacet
536 524 670 618 exiguus
693 546 768 592 cum
789 523 908 590 ramice
930 540 1048 588 neruus

277 645 320 719 et,
342 638 487 729 quamuis
509 644 576 703 tota
597 634 744 728 palpetur
765 642 870 713 nocte,
891 629 1017 699 iacebit.

277 770 359 817 anne
382 744 498 837 aliquid
521 768 648 837 sperare
671 752 778 838 potest
798 742 879 810 haec
900 741 1035 834 inguinis
1057 738 1144 831 aegri

278 854 434 926 canities?
456 854 541 948 quid,
564 855 650 948 quod
672 855 786 920 merito
808 861 958 944 suspecta
979 850 1075 918 libido
1099 857 1157 928 est,

278 992 360 1061 quae
382 964 542 1034 Venerem
564 967 703 1034 adfectat
725 966 792 1031 sine
815 961 945 1032 uiribus.
975 962 1083 1053 aspice
1103 960 1202 1051 partis

277 1099 362 1146 nunc
384 1076 534 1144 damnum
556 1075 692 1143 alterius.
715 1096 791 1142 nam
811 1098 894 1165 quae
916 1081 1064 1141 cantante
1084 1069 1243 1161 voluptas,

279 1189 319 1254 sit
340 1185 416 1254 licet
438 1188 581 1269 eximius,
604 1184 797 1266 citharoedo,
819 1185 902 1251 situe
924 1183 1081 1251 Seleucus

278 1305 310 1365 et
331 1296 445 1389 quibus
467 1305 576 1363 aurata
597 1318 669 1364 mos
692 1302 741 1361 est
763 1294 886 1387 fulgere
907 1290 1058 1362 lacerua‘.>

277 1406 353 1499 quid
375 1407 480 1488 relert,
503 1408 610 1499 magni
632 1406 743 1473 sedeat
765 1429 826 1497 qua
849 1413 939 1497 parte
961 1403 1085 1485 meatu,

277 1518 332 1609 qui
353 1516 409 1583 uix
429 1517 604 1583 cornicines
626 1516 777 1584 exaudiet
796 1524 893 1607 atque
914 1512 1062 1581 tubarmn

277 1623 475 1695 concentus?
497 1625 638 1694 clamore
659 1648 739 1719 opus
762 1634 820 1706 est,
841 1634 880 1693 ut
898 1626 1014 1692 sentiat
1035 1626 1127 1705 auris,

277 1760 373 1832 quem
396 1737 480 1804 dicat
500 1738 626 1804 uenisse
649 1759 737 1828 puer,
760 1744 839 1828 quot
859 1737 983 1803 nuntiet
1001 1735 1105 1803 horas.

276 1856 441 1939 practerea
462 1846 610 1913 minimus
632 1845 738 1939 gelido
759 1846 823 1913 iam
844 1847 876 1913 in
898 1868 1034 1937 corpore
1056 1846 1186 1937 sanguis

276 1956 365 2025 febre
387 1954 470 2025 calet
490 1954 566 2037 sola,
589 1956 774 2024 circumsilit
794 1958 920 2049 agmine
943 1958 1027 2023 lacto

274 2066 460 2137 morborum
482 2089 576 2133 omne
597 2088 707 2159 genus,
730 2090 867 2159 quorum
889 2069 916 2134 si
936 2068 1064 2135 nomina
1086 2086 1231 2157 quaeras,

275 2178 452 2271 promptius
475 2177 643 2269 expediam
665 2186 744 2269 quot
766 2178 920 2246 amanen't
941 2176 1045 2268 Oppia
1066 2174 1229 2257 moechos,

275 2296 354 2382 quot
376 2285 549 2354 Themison
572 2308 686 2379 aegros
708 2296 860 2355 autumno
884 2287 1035 2354 occiderit
1055 2308 1130 2368 uno,

273 2407 353 2492 quot
373 2395 499 2464 Basilus
521 2397 635 2477 socios,
658 2405 736 2488 quot
758 2384 1045 2464 circumscribserit¹
1059 2394 1173 2463 Hirrus

272 2506 420 2602 pupillos,
443 2515 521 2600 quot
542 2504 638 2598 longa
660 2508 747 2573 uiros
769 2506 924 2574 exorbeat
944 2529 1008 2574 uno

273 2618 385 2688 Maura
407 2616 467 2699 die,
488 2625 567 2708 quot
589 2615 760 2708 discipulos
782 2615 912 2684 inclinet
931 2616 1099 2699 Hamillus,

271 2749 457 2821 percurram
479 2726 570 2793 citius
592 2734 671 2817 quot
692 2725 783 2794 uillas
805 2727 969 2818 possideat
987 2749 1083 2810 nunc,

274 2860 340 2931 quo
362 2834 511 2904 tondente
533 2836 640 2927 grams
661 2836 770 2904 iuueni
791 2836 868 2904 mihi
890 2836 988 2905 barba
1010 2836 1152 2905 sonabat

271 2945 324 3015 ille
345 2966 467 3026 umero,
487 2944 539 3012 hie
560 2944 686 3027 lumbis,
707 2944 760 3014 hic
782 2969 865 3014 coxa
886 2946 1007 3029 debilis,
1028 2946 1140 3015 ambos

269 3056 408 3150 perdidit
427 3053 480 3123 ille
503 3054 613 3123 oculos
635 3062 668 3123 ot
688 3052 787 3122 luscis
807 3056 936 3139 inuidet,
957 3055 1052 3126 huius

267 3336 336 3394 205.
356 3332 468 3392 coneris
487 3348 533 3407 por
543 3330 691 3389 moiun.-
710 3332 843 3390 conuersi
863 3335 898 3406 P,
918 3341 1038 3391 conetur
1056 3349 1084 3401 ς.
1148 3339 1215 3395 207.
1236 3334 1338 3413 aliquit
1346 3351 1377 3413 ο.
1500 3337 1501 3396 5

267 3416 335 3471 211.
355 3408 523 3468 citharoedo
542 3411 581 3466 P:
603 3407 737 3465 citlraedo
756 3406 781 3480 f,
801 3408 984 3467 citharoedus
1002 3428 1059 3486 por.
1175 3414 1250 3471 situe
1269 3412 1375 3473 Seleu·

267 3506 318 3544 eus
339 3504 379 3545 or:
402 3487 465 3545 siue
484 3484 609 3543 Seleuco
629 3487 663 3553 P,
690 3486 753 3542 siue
773 3485 913 3543 Seleucos
932 3504 960 3559 9,
980 3487 1060 3546 sinae
1079 3488 1181 3548 elenen
1201 3490 1374 3564 coraulesf,

266 3564 329 3622 siue
348 3563 489 3621 Seleucus
508 3577 576 3640 cpe.
696 3562 765 3619 214.
785 3562 964 3619 enrnicbinee
984 3565 1041 3621 1²8.
1143 3567 1280 3626 exaudiet
1298 3566 1373 3644 etp:

265 3638 457 3697 exaudiatur.
573 3642 641 3699 216.
662 3647 733 3713 quot
750 3656 817 3713 porr
836 3640 915 3714 quod
935 3642 986 3713 Pp.
1092 3646 1160 3703 217.
1180 3644 1237 3701 iam
1256 3644 1286 3700 in
1307 3664 1372 3702 cor·

286 3734 337 3774 ure
356 3714 478 3787 Pbcdr'ct
498 3714 554 3771 iam
575 3734 696 3792 corpore
717 3713 810 3789 apto.
907 3719 974 3773 220.
997 3727 1066 3792 quot
1084 3737 1147 3795 pur
1167 3720 1246 3797 quod
1265 3720 1333 3797 pr.

314 3793 365 3870 pia
384 3790 481 3863 rufe:
504 3790 600 3870 Eppia
620 3788 695 3866 9er
721 3790 821 3867 Yppia
840 3808 887 3866 εις,
914 3792 997 3870 lppia
1015 3793 1098 3869 φυᾶς,
1125 3797 1234 3875 Hippia
1254 3814 1282 3865 ς.

262 3872 330 3927 221.
352 3878 421 3945 quot
440 3886 501 3944 por:
520 3868 602 3943 quod
618 3866 685 3943 Psy.
787 3886 885 3944 aegros
897 3887 933 4001 p.
1037 3890 1095 3928 uno
1115 3881 1192 3931 tutor
1211 3878 1239 3931 P
1257 3874 1372 3950 [plocen

262 3943 436 4017 odHirrueJ.
579 3947 646 4002 222.
668 3951 738 4019 quot
755 3962 818 4019 par:
838 3962 894 4020 quo
935 3943 1005 4021 Psy.
1140 3950 1330 4027 0101110189.

261 4030 332 4097 quot
349 4038 410 4098 porr
430 4018 509 4096 quod
528 4018 595 4095 pr.
658 4023 726 4077 223.
748 4029 819 4094 quot
835 4039 896 4097 pur:
916 4022 995 4097 quod
1014 4023 1082 4101 pr.
1146 4030 1285 4086 exorbeat
1304 4031 1370 4088 Ps=

260 4100 412 4155 exsorbeat
430 4114 486 4173 por.
601 4098 669 4153 221.
690 4095 832 4153 Hamillus
850 4098 941 4155 PSarr
960 4100 1076 4159 omillus
1095 4102 1173 4171 boloe,
1193 4105 1324 4163 camillus
1341 4105 1367 4180 f.

256 4176 327 4233 225.
346 4181 417 4251 quot
434 4189 495 4247 pror
514 4170 594 4251 quod
614 4171 683 4248 pr.
756 4176 827 4234 227.
846 4192 945 4234 umero
963 4178 1005 4236 Pa
1021 4176 1143 4239 humero
1159 4198 1218 4257 pu.
