3025 4859
272 353 353 430 340
663 369 824 424 senona
842 365 1003 424 rurum.

275 559 349 605 sura
370 534 501 604 Maximi
523 559 640 604 nomen
664 534 808 616 obuenit,
843 536 897 627 qui
923 534 1083 602 luxuriam
1109 531 1302 626 reipublicae
1329 529 1385 598 da·

1487 232 1498 453 l

274 671 387 716 nmans
410 671 428 714 a
445 645 567 738 collega
586 646 699 714 Publio
715 645 817 713 Decio
834 645 1017 737 postulauit,
1040 655 1075 713 ut
1096 653 1152 712 aut
1173 646 1250 736 ipse,
1273 667 1383 735 quem·
1496 678 1497 693 .

276 757 448 826 admodum
471 759 500 824 ci
522 758 692 837 uideretur,
721 779 828 822 mores
850 756 1015 824 hominum
1037 754 1222 821 emendaret
1243 755 1383 845 priorum
1496 766 1497 847 ]

276 890 444 936 censorum
471 867 671 958 neglegentia
700 866 855 957 perditos,
889 875 944 932 aut
977 874 1139 956 pateretur
1166 888 1201 930 se
1228 885 1382 931 reuocare
1496 856 1497 909 Ῡ

251 980 441 1071 spristinum
465 977 600 1043 ciuitatis
623 985 754 1042 statum:
791 1000 928 1068 quorum
956 977 980 1041 si
1003 984 1152 1042 neutrum
1174 976 1303 1054 laceret,
1324 973 1383 1039 mi·

272 1091 388 1156 nitatus
418 1085 637 1153 abdicaturum
668 1110 703 1152 se
734 1109 808 1153 eum
837 1088 1034 1178 magistratu.
1077 1083 1199 1151 Decius
1226 1106 1303 1175 ergo
1327 1105 1384 1148 ex·
1494 1114 1498 1143 r

273 1199 400 1264 territus
429 1197 570 1288 permisit
597 1204 632 1262 ut
659 1196 929 1286 quemadmodum
956 1194 1055 1262 uellet
1077 1192 1306 1286 rempublicam
1328 1190 1385 1257 ad·

271 1309 464 1375 ministraret
485 1328 520 1370 se
543 1307 769 1372 consentiente.

359 1417 410 1484 93.
433 1439 521 1483 nuno
544 1437 608 1482 rur.
632 1440 659 1483 c.
685 1440 714 1482 u.
738 1418 819 1482 inter
841 1419 1038 1496 necessaria.

239 1555 265 1594 m
363 1526 414 1592 94.
451 1547 611 1592 narnnsr.
649 1534 684 1592 ut
716 1524 835 1596 lectum
866 1529 1079 1595 testudineum
1107 1525 1247 1593 haberet.
1280 1522 1383 1589 lectos

274 1661 348 1706 nam
371 1637 489 1726 antiqui
511 1635 668 1702 testudine
691 1636 812 1704 Oceani
834 1638 998 1704 ornabant.

358 1747 410 1812 95.
434 1770 476 1811 nr
499 1769 614 1812 nonna
636 1771 664 1814 r.
687 1772 716 1814 c.
739 1771 771 1814 n.
799 1746 936 1815 nobilius
959 1750 1037 1815 dixit
1056 1747 1186 1816 lectum.

361 1859 412 1923 96.
435 1880 495 1924 ssu
518 1879 605 1934 nano
629 1879 766 1924 unauna.
795 1881 859 1925 non
881 1867 992 1926 ornata
1014 1859 1146 1950 sponda

360 1967 412 2034 98.
434 1989 564 2035 anvnru.
587 1967 696 2035 rustici
718 1968 870 2047 infantes.

238 2097 263 2138 n
360 2079 413 2142 99.
450 2099 552 2160 rencs
575 2099 658 2144 unco
683 2101 756 2145 crnr.
794 2077 867 2145 talia
889 2078 1037 2146 conuiuia
1060 2099 1181 2159 corum,
1216 2076 1327 2168 quales
1348 2085 1382 2144 et

273 2209 326 2256 res
348 2187 527 2257 familiares.

363 2301 432 2366 100.
456 2321 587 2366 nsscrvs
609 2322 720 2368 annus.
745 2302 835 2392 signa
857 2302 925 2368 siue
946 2299 1023 2368 alias
1046 2309 1219 2369 omaturas.

361 2411 431 2477 102.
466 2431 655 2477 nnononvn.
692 2432 808 2502 magno
832 2411 962 2478 artificio
987 2413 1132 2480 conlecta
1154 2411 1282 2504 pocula.

274 2543 402 2588 rocvnn
422 2543 528 2588 urnas.
563 2519 594 2586 id
616 2529 678 2601 cst,
712 2529 748 2586 ut
775 2521 815 2588 de
843 2522 967 2613 poculis
997 2525 1103 2590 lractis
1130 2522 1245 2590 laleras
1268 2531 1301 2588 et
1322 2520 1382 2587 alia

234 2643 262 2684 ²⁰
275 2639 459 2699 ornamenta
482 2629 626 2697 militaria
648 2630 847 2699 fabricarent

362 2742 432 2810 105.
454 2764 575 2808 rneunn
597 2765 690 2826 raro.
718 2766 744 2819 a*
760 2742 815 2823 dis,
839 2751 874 2810 ut
895 2766 1013 2834 pucros
1034 2747 1170 2813 nutriret
1189 2742 1329 2811 Remum
1351 2749 1383 2810 et

272 2849 455 2920 Romulum.

359 2963 429 3027 luo.
466 2985 506 3029 ac
530 2983 642 3030 nvnan
665 2986 713 3028 nr.
753 2961 863 3030 Martis
885 2964 926 3031 ad
947 2963 1035 3032 lliam
1056 2965 1222 3047 uenientis,
1244 2975 1282 3033 ut
1302 2989 1382 3035 con-

272 3070 448 3141 cumberet.

233 3199 260 3240 aa
361 3183 431 3246 107.
454 3203 655 3250 osannnnmr
678 3207 782 3252 nosrr.
807 3186 846 3254 de
869 3209 943 3252 aere
966 3186 1141 3277 pendentis.

358 3293 428 3358 109.
450 3315 595 3361 sannam
619 3317 745 3362 onemo.
777 3296 866 3365 cibus
889 3321 931 3365 ex
953 3298 1046 3380 larre,
1067 3300 1122 3390 qui
1144 3298 1234 3367 cibus
1256 3301 1379 3392 pn'mus
1496 3352 1498 3364 .

269 3404 471 3495 antiquorum
492 3404 559 3472 luit.

359 3515 429 3581 110.
452 3537 552 3582 ouum
566 3537 651 3582 rvnc
667 3539 687 3583 1.
703 3540 731 3593 o.
748 3541 777 3584 n.
792 3542 813 3585 1.
829 3541 861 3585 ν.
889 3517 952 3585 hoo
975 3527 1033 3601 est,
1056 3523 1161 3588 omnia
1184 3531 1261 3590 tunc
1283 3546 1378 3616 prae·

269 3625 422 3692 stantiora
443 3634 534 3696 crant
556 3634 588 3692 et
610 3627 688 3694 tanti
710 3628 831 3718 praetii,
853 3628 977 3721 quibus,
999 3630 1026 3696 si
1048 3653 1163 3700 auarus
1186 3633 1273 3724 [sis],
1295 3635 1379 3703 inui-

229 3745 257 3788 ³⁰
269 3732 346 3802 dere
367 3734 479 3824 possis.

266 4053 295 4109 1.
315 4051 439 4110 maxime
458 4055 516 4112 Pu.
536 4073 606 4114 oorr.
626 4075 657 4134 n.
716 4061 744 4116 6.
766 4059 950 4119 abdicaturus
970 4081 1036 4119 eum
1057 4065 1235 4141 Pacorum.
1252 4086 1335 4126 seeo
1351 4087 1378 4126 o.

263 4131 311 4184 12.
333 4127 403 4186 dixit
425 4147 509 4206 quam
531 4135 634 4191 lectum
655 4155 683 4212 p.
763 4143 809 4196 19.
830 4138 936 4199 soleres
950 4142 1009 4199 PS.
1025 4159 1099 4198 corr.
1110 4161 1139 4219 p.
1218 4148 1266 4200 23.
1287 4145 1375 4203 aliam
1496 4158 1497 4189 r

261 4205 322 4262 Pa.
334 4223 406 4266 corr.
418 4225 447 4282 p.
525 4213 574 4270 29.
595 4213 635 4269 sis
656 4211 724 4272 odd.
744 4234 774 4292 p.
