3025 4859
227 373 302 447 166
607 391 643 442 n.
661 390 749 443 ivan
768 387 962 444 rvvananrs

227 558 389 624 communi
411 558 486 625 dare
508 559 599 652 signa
620 558 706 640 tuba,
727 558 891 626 defendier
912 556 1014 624 isdem

230 666 370 737 turribus
392 677 487 761 atque
509 693 572 738 una
593 680 759 763 portarum
782 668 874 736 clauc
897 669 1006 736 teneri.

229 780 286 847 sed
307 780 371 846 iam
393 789 578 873 serpentum
599 782 699 849 maior
721 781 900 848 concordia.
922 779 1024 872 parcit

229 893 373 984 cognatis
394 890 527 958 maculis
550 889 659 957 similis
681 891 757 957 iera.
793 891 918 982 quando
940 889 1026 958 leoni

228 1003 339 1068 lortior
362 1002 476 1092 eripuit
497 1001 597 1068 uitam
617 999 692 1068 leo?
715 1023 779 1092 quo
801 1023 933 1068 nemore
955 1025 1108 1094 umquam

230 1113 403 1204 exspirauit
425 1135 502 1203 aper
523 1112 652 1178 maioris
674 1109 820 1178 dentibus
843 1109 932 1203 apri?

229 1221 336 1290 Indica
357 1223 445 1314 tigris
469 1222 534 1313 agit
554 1220 664 1288 rabida
685 1243 760 1288 cum
783 1221 896 1313 tigride
918 1245 1031 1314 pacem

230 1342 427 1426 perpetuam,
450 1333 555 1398 saeuis
576 1332 657 1399 inter
678 1355 713 1398 se
736 1333 887 1400 conuenit
907 1334 998 1399 ursis.

231 1453 280 1512 ast
301 1442 421 1510 homini
443 1444 563 1509 terrum
583 1440 677 1508 letale
699 1442 814 1510 incude
835 1443 972 1510 nefanda
1280 1457 1340 1512 165

230 1554 419 1648 produxisse
442 1577 555 1645 parurn
577 1561 634 1633 est,
657 1576 733 1620 cum
754 1560 855 1618 rastra
877 1561 910 1618 et
931 1553 1055 1622 sarcula
1079 1563 1200 1624 tantum

229 1666 353 1732 adsueti
374 1687 513 1755 coquere
537 1672 569 1730 et
590 1665 700 1730 manis
723 1686 762 1730 ac
785 1685 914 1730 uomere
936 1660 1011 1731 lassi

227 1779 398 1846 nescierint
419 1774 511 1866 primi
532 1772 655 1865 gladios
678 1772 851 1840 extendere
874 1772 964 1841 labri.

231 1889 402 1979 aspicimus
424 1883 570 1976 populos,
592 1905 729 1975 quorum
750 1907 816 1950 non
838 1882 954 1950 sullicit
974 1885 1040 1953 irae

229 1997 383 2066 occidisse
406 1995 553 2086 aliquem,
576 1995 632 2060 sed
656 2002 787 2084 pectora
809 1993 938 2060 brachia
960 1994 1084 2065 uultum
1279 2012 1341 2068 170

231 2108 422 2176 crediderint
444 2127 544 2197 genus
567 2128 638 2172 esse
661 2103 732 2172 cibi.
767 2105 842 2195 quid
865 2105 985 2173 diceret
1008 2130 1084 2199 ergo

230 2217 284 2285 uel
306 2240 370 2309 quo
393 2239 458 2283 non
480 2218 612 2309 lugeret,
634 2216 660 2281 si
682 2238 767 2281 nunc
789 2214 869 2282 haec
892 2226 1033 2284 monstra
1055 2219 1178 2287 uideret

229 2328 437 2421 Pythagoras,
460 2329 581 2395 cunctis
604 2324 791 2392 animalibus
814 2325 965 2394 abstinuit
985 2329 1039 2419 qui

229 2449 393 2531 tamquam
414 2438 542 2506 homine
563 2446 596 2504 et
617 2437 720 2504 uentri
740 2435 871 2504 indulsit
892 2457 957 2504 non
979 2460 1074 2506 omne
1095 2437 1271 2534 legumen?

540 2762 865 2840 sartan
917 2765 1028 2840 XVI.

229 2969 309 3055 Quis
331 2989 499 3035 numerare
521 2973 618 3058 queat
639 2963 739 3032 felicis
762 2966 911 3056 praemia,
936 2963 1037 3046 Galle,

229 3153 294 3209 157.
317 3146 471 3205 defendier
489 3165 550 3222 pto:
570 3144 715 3202 defendit*
735 3149 770 3203 P.
879 3147 934 3204 163
945 3145 1036 3206 schol.
1048 3149 1125 3206 sus.
1140 3149 1223 3208 utet.
1234 3155 1260 3220 I,
1274 3153 1341 3214 459.

228 3226 331 3305 rapida
352 3241 415 3292 αος.
513 3227 579 3282 167.
602 3240 745 3298 coquaere
767 3227 800 3280 P.
900 3227 956 3282 168
967 3226 1087 3283 Seruius
1100 3225 1138 3284 ud
1151 3231 1231 3303 Vsrp.
1242 3247 1341 3306 psorp.

227 3308 271 3372 ΙΙ,
285 3307 351 3363 539.
430 3301 586 3358 nescierint
607 3303 674 3356 Pro.-
693 3301 859 3357 nescierunt
879 3302 940 3366 Sue
960 3302 1094 3376 Seruius,
1115 3305 1260 3363 nescirent
1280 3305 1341 3380 dfe.

231 3380 389 3439 extendere
410 3383 468 3446 Ρςε
488 3377 647 3434 extundere
667 3394 703 3445 ω,
723 3375 867 3434 excudere
888 3393 906 3443 ς
926 3379 1058 3436 Seruius.
1189 3387 1254 3440 170,
1276 3384 1343 3440 uul.

228 3467 288 3515 tum
307 3475 367 3534 pro:
388 3456 481 3512 uultu.
501 3458 536 3513 P.
655 3456 720 3510 171.
737 3452 923 3511 crediderunt
945 3455 1112 3514 Doederlein
1124 3455 1342 3534 (mundant.

227 3533 536 3606 Aaz.1841p.1003).
654 3533 719 3588 173.
742 3531 850 3586 cunctis
872 3531 1041 3589 animalibus
1063 3536 1199 3592 abstinuit
1218 3539 1343 3596 Seruius

228 3610 571 3684 carenitanum.
649 3606 715 3666 174.
730 3606 845 3664 homine
865 3626 925 3682 pto:
944 3607 1052 3666 homini
1071 3614 1106 3669 P.
1165 3612 1287 3690 legum·-
1306 3617 1342 3674 P.

227 3740 307 3795 Sat.
328 3740 405 3795 XVI
424 3743 492 3794 cote
512 3739 569 3794 XV
588 3743 700 3815 portarat
718 3735 797 3804 bove.
837 3735 882 3794 De
903 3736 1041 3795 felicitate
1061 3738 1180 3799 militum
1200 3746 1235 3801 P.
1252 3735 1343 3812 tQui-

227 3813 294 3871 dam
315 3813 449 3871 dixerunt
469 3813 543 3870 lianc
564 3817 681 3872 satiram
701 3833 758 3869 non
781 3831 845 3871 esse
866 3813 1009 3872 iuuenalia
1036 3816 1089 3874 sed
1115 3820 1278 3897 appositam
1306 3823 1342 3878 ab

227 3892 334 3968 aliquo.
362 3891 416 3948 sed
440 3891 561 3948 Seruius
587 3909 700 3950 uersum
726 3890 802 3946 illius
831 3891 859 3947 in
888 3891 1049 3970 exemplum
1075 3914 1186 3972 ponens
1217 3897 1344 3956 ostendit

226 3988 291 4027 esse
316 3969 414 4026 dicens
440 3967 599 4026 luuenalis:
625 3966 825 4045 expectandus
855 3968 908 4024 erit
935 3971 983 4044 qui
1010 3969 1075 4028 lites
1096 3973 1210 4031 inchoet
1230 3969 1340 4031 annus.²

225 4045 392 4104 solotind.
430 4037 524 4104 ‘Haec
544 4047 632 4103 satira
652 4064 670 4102 a
689 4043 836 4122 plerisque
858 4045 1023 4124 exploditur
1042 4067 1096 4107 nec
1116 4049 1259 4108 quenalis
1276 4069 1342 4110 esse

228 4115 370 4181 refertur.>
391 4121 559 4182 sanctini.

228 4228 257 4282 1.
279 4233 385 4301 quaeat
403 4226 438 4281 P.
596 4221 682 4281 Galle
701 4240 763 4300 pu:
783 4223 863 4282 Galli
882 4227 917 4282 P.
