3025 4859
272 336 349 415 304
653 343 816 399 senoina
834 336 995 397 varana.

359 516 433 585 239.
455 540 498 585 nr
521 534 553 582 m
575 532 654 581 oum
676 534 787 579 aronae
810 534 841 579 n.
864 511 938 600 quia
955 509 988 575 in
1003 503 1163 577 montibus
1176 504 1312 571 condita
1334 511 1385 571 est

274 628 386 697 llorna.
473 625 588 718 legitur
611 632 643 689 et
664 645 838 701 ronrrovs,
861 627 990 710 propter
1011 614 1177 697 llluluium,
1200 614 1254 682 ulai
1273 613 1386 683 Catili-

273 764 334 809 nae
358 738 513 807 coniurati
536 744 569 801 ct
591 732 783 823 Allobroges
805 730 995 822 deprehensi
1015 736 1098 797 sunt

358 850 432 916 241.
458 870 491 915 m
514 844 669 913 ancans
692 867 720 919 o.
755 851 884 934 propter
907 841 1078 906 Antonium
1107 847 1140 904 ct
1169 835 1386 927 Cleopatram,

249 962 347 1053 ⁵quia
377 957 460 1025 bello
488 955 592 1025 nauali
620 953 678 1023 sub
701 950 868 1032 Leucade,
895 948 1112 1043 promontorio
1133 945 1235 1039 Epiri,
1268 944 1388 1016 deuicti

273 1080 349 1141 sunt
370 1070 409 1137 ab
432 1070 590 1161 Augusto.

361 1181 435 1249 242.
458 1178 661 1247 Trrcssaman
678 1198 707 1241 c.
724 1173 772 1240 ibi
791 1195 866 1240 narn
887 1171 927 1239 ab
949 1170 1096 1260 Augusto
1117 1166 1194 1235 uicti
1214 1174 1289 1236 sunt
1302 1164 1389 1233 Bru·

276 1308 327 1367 tus
350 1302 382 1363 et
405 1290 547 1369 Cassiae,
569 1296 605 1355 ut
626 1284 800 1377 Pompeius
821 1306 840 1349 a
863 1280 1013 1349 Caesare.

359 1404 433 1471 243.
467 1398 588 1467 Romu
610 1420 752 1465 carneri.
788 1416 854 1461 non
875 1416 933 1484 per
959 1388 1188 1470 adulationem,
1217 1398 1254 1458 ut
1274 1389 1389 1479 Augu-

238 1526 370 1585 rustum.
393 1512 456 1581 lroc
477 1534 552 1579 nam
575 1510 679 1575 diflert
700 1504 740 1575 ab
764 1506 910 1596 Augusto
934 1503 1062 1583 Cicero,
1085 1503 1159 1593 quia
1180 1497 1261 1567 alter
1283 1521 1389 1565 arma·

278 1636 339 1709 tus,
361 1624 441 1693 alter
464 1631 597 1715 pacatus
619 1618 795 1687 detenderit
816 1613 995 1681 libertatem
1017 1622 1050 1679 et
1071 1613 1240 1679 ciuitatem.
1264 1617 1300 1675 nt
1323 1606 1389 1674 lau·

278 1760 378 1809 cnnne
403 1730 492 1823 [Vll,
515 1732 590 1822 62];
630 1726 783 1797 ‘llomani
809 1727 967 1793 maximas
990 1731 1102 1791 auctor
1124 1719 1247 1789 'sollius
1270 1718 1388 1811 eloqui,

278 1848 368 1921 euim
389 1842 447 1913 eulr
470 1844 538 1911 iure
561 1835 689 1932 togato.³

362 1954 435 2021 217.
464 1974 620 2019 nonosru.
648 1971 666 2013 a
683 1950 868 2015 centurione
885 1946 1063 2040 uapulando
1077 1967 1138 2013 suo
1153 1944 1274 2012 uertice
1285 1942 1389 2035 lrangi

242 2076 266 2125 tt
280 2062 458 2162 patiebatur
480 2060 597 2129 lllarins
623 2060 733 2139 uitem,
757 2082 832 2125 cum
854 2059 973 2126 militat

364 2174 437 2241 251.
470 2196 577 2248 rnorn
598 2192 674 2237 anuo
708 2194 737 2237 r.
760 2194 789 2245 o.
813 2195 843 2236 ι.
866 2194 894 2236 c.
917 2194 944 2237 s.
966 2194 997 2237 o.
1019 2192 1049 2245 o.
1069 2192 1101 2233 ν.
1146 2166 1254 2247 llario,
1277 2167 1388 2257 inquit,

280 2282 460 2357 debellante
486 2278 660 2370 Cymbros,
697 2280 802 2348 comis
835 2280 948 2347 auibus
975 2282 1035 2346 luit
1060 2278 1247 2348 miraculum
1274 2281 1321 2346 ire
1348 2277 1388 2345 ad

280 2395 436 2465 maiorum
451 2393 643 2459 cadauerum
658 2390 819 2483 praedam,
841 2391 915 2481 quia
936 2390 1048 2481 grandi
1069 2400 1188 2458 statura
1204 2398 1279 2459 sunt
1295 2387 1388 2458 Galli.

281 2502 432 2597 Virgilius
455 2502 548 2591 [Aen.
568 2498 646 2582 Vlll,
669 2502 762 2589 6621:
784 2496 897 2567 ‘scutis
920 2502 1054 2593 protecti
1075 2523 1209 2593 corpore
1231 2496 1355 2594 longis?

240 2632 269 2675 ao
364 2614 437 2681 253.
461 2614 739 2702 [cnvaococceon
752 2612 924 2700 sscvaool.
945 2612 977 2678 id
998 2619 1056 2691 est,
1076 2612 1217 2681 secundo
1240 2634 1298 2703 per
1319 2610 1389 2681 tto·

281 2726 371 2807 num,
398 2724 514 2791 familia
536 2746 629 2789 noua.
662 2748 736 2791 narn
758 2726 861 2816 primo
884 2746 942 2814 per
964 2720 1164 2790 Ciceronem.
1263 2747 1388 2791 nocuas

282 2857 353 2903 orn.
375 2834 439 2903 hoc
459 2842 517 2915 eet,
539 2842 574 2902 ut
596 2834 811 2924 triumpharet
899 2856 1047 2902 concaua
1064 2858 1090 2899 s.
1109 2828 1274 2901 ‘secundo
1287 2832 1387 2903 lauro'

282 2947 370 3026 dixit,
392 2946 466 3037 quia
487 2943 629 3011 secundo
651 2944 724 3013 loco
747 2944 956 3036 triumphauit
977 2954 1051 3036 post
1072 2944 1230 3037 collegam
1251 2968 1358 3014 suum.

365 3056 438 3122 M
470 3078 607 3123 euenere
629 3053 670 3123 D.
713 3054 821 3137 Decii,
854 3065 944 3148 pater
966 3052 1000 3123 el
1019 3056 1112 3137 filius,
1133 3057 1256 3125 somnio
1279 3056 1389 3125 moniti

242 3189 339 3261 aspro
361 3164 578 3235 incolumitate
600 3166 710 3259 populi
731 3165 868 3237 Romani
893 3191 929 3235 se
951 3167 1169 3249 deuoueruot,
1196 3165 1289 3235 alter.
1304 3166 1389 3234 bello

279 3338 309 3392 2.
329 3332 466 3390 llloltriurn
487 3333 535 3390 iuli
556 3336 614 3391 PS.
636 3352 710 3393 corr.
731 3354 760 3411 p.
870 3340 898 3394 5.
920 3335 969 3411 qui
989 3354 1013 3391 s.
1093 3412 1099 3425 ⁸
1124 3336 1152 3392 8.
1174 3332 1309 3425 Crassitio
1331 3334 1389 3390 ΡΒ.

279 3414 860 3565 miseranter,terrra
880 3412 1169 3565 {stlattas
1177 3411 1390 3545 111111

280 3576 325 3623 tus
357 3568 546 3644 oppresserit,
578 3566 651 3625 alter
681 3576 795 3642 togatas
822 3566 986 3624 defenderit
1008 3585 1034 3625 a.
1171 3571 1217 3625 11.
1236 3564 1390 3623 Lucretius

280 3646 339 3699 ΡΒ.
350 3662 425 3700 corr.
437 3642 628 3701 Soltroueliaa.
696 3648 740 3702 12.
754 3644 1017 3719 eloquiiLaoonao.
1090 3648 1135 3702 13.
1155 3654 1281 3719 togaque
1289 3645 1391 3701 Laco·

280 3738 344 3779 aas.
405 3724 451 3779 15.
474 3740 536 3777 com
556 3724 614 3778 PS.
626 3739 699 3778 corr.
711 3740 739 3796 p.
798 3722 939 3778 militabat
958 3718 1190 3793 Solaartztlctacla.
1254 3725 1302 3779 17.
1324 3740 1389 3777 cor·

281 3817 332 3853 uos
353 3816 389 3855 ex
410 3799 510 3854 auibus
532 3795 765 3869 Solmrtzlleiscla.
809 3802 856 3855 18.
876 3800 1013 3855 maiorem
1024 3802 1082 3856 ΡΒ.
1093 3816 1166 3857 corr.
1179 3816 1209 3875 p.
1255 3802 1302 3855 19.
1324 3818 1390 3854 cor·

278 3894 351 3953 pora
366 3874 514 3949 t'erptliua.
573 3880 696 3932 20-22.
718 3876 847 3933 secundo
857 3907 888 3917 —
900 3874 1227 3953 triumplraretS.oaa.P.
1240 3874 1330 3933 edidit
1340 3895 1371 3951 p.

281 3954 410 4009 secundo
432 3954 583 4029 Arpinates
609 3972 663 4030 per
681 3952 803 4009 Marium
829 3952 939 4009 familia
969 3964 1061 4026 [nam
1081 3954 1173 4031 primo
1214 3973 1247 4010 er
1267 3954 1389 4011 Cicero·

281 4032 358 4103 nem)
379 4030 521 4087 nclrilitati
541 4040 606 4085 sunt
626 4048 661 4086 eo
683 4048 786 4104 usqne,
807 4040 838 4085 ut
858 4030 1046 4107 triumpharet
1069 4034 1100 4088 t).
1114 3972 1246 4089 11411111
1260 4030 1392 4089 steriliter·

281 4103 514 4179 Sclrrrtzllctscla.
597 4112 644 4165 21.
668 4124 796 4165 romara
816 4124 891 4163 ona.
910 4126 937 4164 a.
958 4107 1098 4164 nohilitati
1119 4109 1176 4167 ΡΒ.
1258 4112 1308 4167 23.
1330 4108 1390 4164 col·

282 4184 436 4259 legamus
458 4184 489 4242 0.
503 4182 604 4243 uorat.
681 4188 729 4244 25.
752 4184 912 4242 debuerunt
933 4186 990 4242 ΡΒ.
1005 4202 1080 4244 corr.
1093 4204 1122 4262 p.
